2934 5070
458 223 483 290 ι’
501 223 674 365 ornnem
700 252 861 334 nurum
998 265 1020 350 j
1160 257 1230 328 tn

131 423 257 503 vantium
274 421 364 482 meam
386 419 508 500 probare
530 441 662 502 possem,
688 421 813 488 iudicavi
831 422 900 494 mihi
917 421 1074 484 faciendum
1093 443 1170 497 esse,
1193 437 1226 486 ut

67 579 68 584 ἵ
131 507 225 585 primo
249 525 359 585 qnoque
380 516 508 586 tempore
525 506 562 564 ad
583 526 643 566 eam
659 504 700 565 de
720 507 775 566 hac
799 507 916 569 honoris
937 511 992 567 mei
1006 502 1235 588 amplificatione

131 589 302 660 scriberem,
325 608 425 667 meque
440 609 473 650 ac
489 609 551 648 ntea
566 591 660 648 omnia
675 591 832 668 semperir
849 593 910 650 eiu's
925 602 1065 669 potestate
1080 593 1143 652 fore
1157 613 1225 672 pro-

131 673 242 732 fiterer.
286 672 359 731 Peto
380 661 479 732 autem*
491 671 526 732 ah
542 674 605 753 ipsa
612 715 622 744 ,
645 683 677 732 ut
695 693 740 731 me
756 674 785 733 in
796 674 863 758 ‘suis
880 684 1025 746 numeret,
1040 695 1081 747 ¹ac
1098 677 1225 754 potentia

125 753 246 834 'quidem
260 767 290 815 et
302 757 471 816 auctoritate
486 757 653 836 permultis,
676 756 819 816 voluntate
834 768 862 816 ct
879 756 1054 834 studiderga
1067 777 1100 816 se
1118 757 1230 817 nomini

131 858 254 918 unquam
269 837 470 912 conces‘snrum
485 859 552 908 esse
567 839 622 899 sihi
636 839 718 918 plane
733 839 914 919 persuadeat.
954 839 1035 898 Bene
1052 859 1085 898 ac
1099 841 1228 902 feliciter·

131 941 196 983 eam
213 934 348 1004 perpetuo
367 923 463 982 valere
485 924 579 1003 cupio.
622 921 790 984 Romae...
807 921 883 983 Dec.
899 921 1139 986 MDLXXXlll.

118 1183 252 1262 ,xvltt
287 1183 344 1244 M.
373 1181 583 1244 ANTONIUS
602 1183 802 1246 'MURETUS
822 1183 1015 1248 PURIORlS
1037 1183 1091 1244 AC
1112 1183 1223 1245 POLl·
1243 1196 1292 1244 aee

143 1345 146 1354 .
242 1285 380 1361 alonis
400 1282 706 1385 PfflLesoPfflAE
728 1283 940 1346 STUDIOSIS
961 1286 994 1346 S.
1019 1281 1130 1366 D.*)·

133 1381 261 1486 Quarta
281 1419 375 1498 gratia
393 1427 551 1497 quantaque
569 1417 631 1476 laus
653 1415 798 1498 Dionysio
813 1417 954 1478 Lambino
974 1418 1080 1478 homini
1101 1419 1224 1477 omnium
1272 1493 1274 1498 ,

132 1499 270 1561 honarum
296 1502 398 1560 artium
425 1502 546 1560 scientio
572 1501 794 1570 instructissimo
814 1500 968 1572 debeatur,
1000 1503 1083 1581 cupio
1106 1500 1224 1560 avohis

117 1585 264 1655 ,omnihus
282 1605 347 1644 mea
365 1574 453 1663 opera
475 1584 619 1662 iutelligi3
637 1586 699 1662 ⁴qui
717 1596 780 1644 cum
800 1583 898 1644 decem
919 1582 1088 1644 Aristotelis
1106 1582 1142 1644 de
1157 1583 1225 1644 Mo-

133 1668 214 1727 ribus
237 1667 326 1728 libros
349 1678 379 1727 et
395 1665 595 1728 reconditidris
616 1668 762 1727 cuiusdam
778 1666 925 1734 doctrinae
941 1679 970 1728 et
988 1666 1226 1746 eiusmodiprae·

133 1752 292 1830 ceptionem
300 1795 312 1824 ,
335 1747 450 1838 qqarnm
462 1745 626 1829 ‘singularis
646 1753 754 1810 utilitas
769 1749 805 1810 ad
819 1760 916 1811 omnes
931 1753 1006 1810 vitae
1026 1762 1121 1830 partes
1137 1751 1225 1828 pcrti-

133 1845 218 1894 neret
237 1855 271 1894 ac
286 1845 482 1914 permanaret,
506 1835 629 1894 refertos
639 1832 695 1912 li³)
718 1855 784 1894 esse
801 1845 1005 1912 cognesceret,
1029 1833 1159 1912 quicquid
1175 1834 1225 1892 oh·
1248 1837 1251 1846 ⁴
1293 1879 1296 1885 .

134 1930 212 1977 stare
231 1929 315 1997 atque
334 1917 447 1978 officere
469 1918 601 1989 illorum,
625 1918 671 1996 qui
686 1934 736 1977 eos
752 1919 931 1997 pervolutare
944 1929 1097 1997 ¹cuperent,
1119 1917 1225 1976 intelli·
1321 1961 1323 1975 .

133 2002 250 2079 geutiae
268 2000 431 2072 videretur,
454 1999 485 2058 id
501 2020 584 2059 omne
603 2012 634 2060 ut
652 2012 813 2060 removeret
832 2021 865 2060 ac
885 2001 1017 2072 tolleret,
1041 2001 1146 2058 nullum
1168 2000 1225 2057 sihi

134 2085 260 2145 lahorem
277 2082 489 2143 detrectandum
506 2085 631 2164 putavit:
656 2103 774 2162 cumque
791 2101 900 2156 eorum,
924 2084 1020 2162 quise
1039 2082 1074 2141 ad
1091 2082 1226 2141 Philoso-
1318 2130 1321 2146 Ι

133 2167 219 2250 phiae
242 2166 336 2226 studia
357 2168 507 2227 conferunt
514 2210 525 2239 ,
549 2167 598 2226 alii
619 2167 748 2227 Graecae
763 2168 877 2246 linguae
895 2167 994 2244 gnari,
1019 2165 1131 2232 Graece
1152 2165 1225 2224 seri-

50 2270 54 2285 ‘
134 2262 199 2332 ptos
213 2247 382 2310 Aristotelis
400 2249 489 2309 lilrros
503 2239 630 2310 manibus
647 2261 752 2321 terant3
775 2251 837 2322 alii,
856 2251 956 2328 quihus
971 2248 1005 2308 nd
1021 2269 1082 2308 eam
1100 2249 1230 2326 linguam.
1299 2302 1302 2314 1
1365 2293 1369 2304 .

134 2333 349 2414 perdiscendam
364 2334 409 2394 vel
425 2344 534 2412 tempus
550 2335 595 2394 vel
614 2335 753 2412 magister
768 2335 812 2394 vel
827 2335 936 2392 animus
955 2331 1061 2402 deluit,
1083 2325 1226 2410 interpre-

134 2429 194 2498 tum
217 2437 332 2496 operam
361 2418 526 2477 necessario
547 2415 730 2477 desiderent:
744 2418 889 2495 „utrisque
910 2436 991 2494 opem
1013 2413 1224 2492 haudquaquam
1281 2463 1285 2474 ,

134 2503 266 2580 exiguam
283 2501 359 2560 tulit.
384 2500 498 2580 Quippe
511 2521 573 2560 eum
589 2500 764 2560 Graecorum
781 2500 982 2579 exemplarium
998 2496 1246 2576 scripturam),

134 2584 231 2644 multis
250 2582 396 2642 admodum
419 2585 490 2646 locis
508 2605 559 2644 sen
579 2585 762 2644 librariorum
782 2584 908 2642 oscitans
920 2582 1030 2642 incuria
1046 2600 1096 2640 seu
1109 2582 1226 2659 qnaeris

135 2669 193 2726 alia
212 2668 308 2726 fatalis
329 2668 475 2726 calamitas
494 2665 698 2748 depravasset3
718 2668 886 2746 conquisitis
900 2664 1022 2742 undique
1039 2683 1120 2742 quam
1137 2657 1228 2742 potuit

134 2749 412 2831 plurimis=perhonis
428 2770 533 2831 perque
548 2751 693 2813 veteribus
710 2752 805 2825 libris,
820 2771 875 2810 non
888 2768 992 2828 paucos
1008 2767 1103 2806 eorum
1119 2746 1227 2806 anxilio

135 2835 215 2893 locos
232 2831 410 2904 emendavit3
434 2834 583 2893 nonnullos
599 2837 685 2893 etiam
703 2836 832 2894 acumine
844 2832 960 2910 'ingenii
976 2841 1005 2890 et
1021 2830 1142 2902 naturali
1159 2849 1226 2908 qua·
1274 2867 1278 2877 ‚

136 2915 206 2976 dam,
216 2913 361 3003 εὐστοχίᾳ
375 2917 543 2976 felicissime
557 2919 701 2988 restituita
717 2928 860 2997 postremo
875 2933 1055 2995 quoscunque
1071 2907 1241 2990 amicorum¹
1281 2938 1283 2944 ·

136 3001 170 3058 ir'
190 3001 234 3060 hie
256 2999 338 3061 libris
357 3001 526 3078 insignioris
549 3020 654 3080 operae
671 2999 778 3079 aliquid
794 2997 944 3079 aliquando
960 2997 1092 3076 posuisse
1107 3015 1227 3074 accepe-

138 3095 199 3154 rat,
222 3103 272 3142 eos
292 3083 349 3142 sibi
370 3081 514 3142 adiutores
532 3083 568 3142 ad
587 3096 645 3143 tam
661 3085 802 3163 praeclari
818 3083 913 3162 operis
929 3081 1132 3160 perlectionem
1148 3080 1226 3139 com-

136 3168 257 3246 paravit.
302 3168 368 3226 Hoc
381 3167 479 3226 labore
496 3169 659 3245 perfunctus
677 3169 799 3228 animum
816 3166 922 3226 adiecit
940 3163 976 3224 ad
990 3163 1104 3224 eosdem
1121 3161 1224 3233 libros,

136 3251 213 3308 omni
239 3249 366 3309 adhihita
392 3243 558 3328 diligentia,
580 3251 685 3310 Latine
709 3248 948 3332 interpretandos.
991 3245 1117 3308 Videbat
1136 3248 1223 3316 enim,

136 3333 184 3412 qui
202 3331 385 3414 haetenus†)
409 3335 580 3412 interpretes
598 3335 778 3404 extitissent,
802 3353 897 3392 eorum
912 3331 1014 3410 partim
1029 3331 1105 3389 omni
1119 3330 1225 3388 oratio·
1247 3341 1295 3390 594

137 3417 182 3474 nis
199 3427 318 3487 ornatu,
342 3419 416 3475 omni
438 3417 508 3476 ssore
526 3418 675 3495 neglecto,
697 3417 727 3476 id
742 3413 824 3475 modo
842 3413 1008 3492 studentes,
1030 3424 1062 3478 ut
1078 3413 1228 3490 cuiusque·
1293 3473 1296 3479 ,

136 3496 212 3563 modi
227 3500 320 3559 verbis
336 3498 504 3580 Philosophi
521 3501 689 3578 sententiam
701 3501 907 3579 exprimerent,
931 3493 1074 3555 horridum
1088 3495 1227 3575 quoddam

137 3593 168 3640 et
187 3593 302 3660 agreste
323 3581 435 3642 dicendi
456 3594 580 3642 sectatos
606 3603 716 3662 genus3
740 3584 812 3642 alios
837 3583 907 3648 satis
929 3579 1034 3665 alioqui
1059 3581 1225 3650 concinnos,
1278 3635 1281 3643 ,
1336 3583 1341 3596 “

137 3685 194 3724 non
217 3666 419 3744 inelegantium
443 3668 605 3726 vocularum
629 3679 804 3738 structores,
831 3662 894 3723 dum
916 3661 945 3720 id
964 3672 1053 3740 agunt
1068 3682 1164 3734 uuum,
1191 3681 1227 3722 ne

227 3763 230 3790 ,
546 3768 549 3778 ⁴
947 3746 952 3763 .

194 3848 228 3903 a)
248 3850 316 3904 Quae
337 3853 469 3904 renuuntur
490 3849 678 3903 aristomenes
699 3847 778 3892 editae
799 3845 984 3895 eliminarent,
1006 3845 1034 3910 pt
1053 3841 1166 3908 superius
1188 3839 1228 3896 (tn

137 3904 214 3950 niatu.
230 3905 258 3949 de
273 3906 331 3951 vite
345 3911 369 3952 et
384 3909 434 3951 Ser.
449 3910 536 3952 Muret.
551 3917 606 3960 pag.
621 3909 650 3952 R.
664 3905 720 3951 534.
735 3905 795 3960 Fa.)
811 3904 929 3961 diximus,
946 3903 990 3946 sed
1005 3911 1030 3943 1n
1045 3898 1154 3952 epistulis
1170 3901 1228 3942 dlu-

138 3961 189 4006 reti
204 3961 345 4016 colligendis
364 3964 517 4016 praeteritae.
552 3965 621 4009 Hane
641 3963 742 4017 primam
757 3973 803 4006 nos
818 3972 850 4004 ex
863 3960 919 4003 litut
941 3957 999 4002 editi
1018 3957 1144 4022 exemplo,
1166 3953 1238 4020 quodi

138 4018 268 4064 Lambinus
282 4023 376 4064 Mureto
391 4021 452 4065 dono
467 4021 578 4077 dederat,
595 4023 619 4064 et
634 4023 686 4064 erat
700 4029 772 4064 maun
786 4017 841 4062 sive
852 4016 976 4072 Lambini,
992 4012 1047 4056 stre
1062 4020 1114 4066 erue
1126 4011 1228 4067 librani,

138 4083 166 4122 ut
179 4076 257 4130 magis
270 4077 329 4121 ruini
343 4076 454 4135 videtur,
476 4081 610 4136 correctus,
630 4075 817 4122 emendatiorem
831 4073 953 4130 adquemo
968 4072 1061 4116 danius.
1089 4069 1183 4114 hazan

194 4148 246 4202 eu)
263 4147 298 4194 Cl.
314 4149 368 4193 adn.
384 4151 450 4194 Tom.
465 4153 483 4194 1.
498 4151 528 4194 R.
543 4161 597 4205 pag,
612 4149 667 4194 550.
696 4151 743 4194 lta.

194 4220 266 4277 aare)
280 4223 362 4268 Facite
376 4225 479 4276 apparet
491 4223 644 4268 scribendum
657 4231 714 4265 esse
727 4220 877 4274 enutrierunt
905 4217 951 4262 Fr.

190 4291 230 4398 :sp
251 4293 351 4340 Boetius
372 4296 455 4340 aduno.
485 4295 604 4340 tloetenae
618 4295 648 4338 de
662 4295 729 4350 toro,
750 4279 1095 4358 edltrtcdelemporedieitur.
1114 4285 1189 4334 1).st
1203 4305 1231 4322 .-

139 4347 175 4400 ci.
224 4363 246 4398 n.
261 4351 329 4400 rom.
344 4354 362 4399 t.
377 4355 406 4399 u„
421 4361 477 4408 pag.
491 4351 546 4399 432.
561 4355 587 4400 ot
600 4353 655 4398 dot.
671 4353 742 4398 Tum.
756 4351 785 4396 tl.
802 4349 830 4395 it.
845 4357 901 4404 raa.
912 4346 972 4394 eor.
1001 4347 1046 4390 ra.
