2978 5068
264 307 329 387 roe
490 255 494 264 ⁴
685 284 798 380 utum
826 301 946 372 rnrorr

244 495 250 504 ⁴
266 489 328 541 tes:
350 472 454 548 multas
481 490 529 532 res
547 488 614 531 esse
631 481 731 550 suapte
747 467 858 548 quidem
873 477 973 542 nemra
991 469 1100 540 bonas,
1124 467 1176 530 sed
1192 485 1265 550 quac
1279 454 1373 550 eulpa*

267 576 365 622 eorum
375 597 386 630 ,
409 557 456 635 qui
473 554 538 615 illas
553 553 711 634 possident,
734 551 1034 631 interdum'pessimae
1052 572 1085 612 ac
1101 553 1366 632 perniciosissimae

169 630 171 642 ³
268 643 347 702 liant.
392 639 492 700 Bonae
516 649 583 698 suut
603 658 690 718 opes3
724 635 774 698 sed
796 637 820 696 si
845 633 908 714 quis
934 657 989 696 non
1013 647 1093 704 recte
1117 648 1228 709 utatur,
1253 637 1365 710 malae-t

268 727 372 786 bonum
395 723 505 794 lorma3
528 720 579 781 sed
593 721 623 780 id
642 721 743 780 bonum
762 720 857 778 multis
874 720 962 778 exitio
976 721 1040 780 luit.
1057 743 1059 752 ¹
1079 717 1127 780 Ex
1141 719 1239 780 eedem
1257 739 1366 798 genere

270 822 314 870 est
332 809 490 886 ingenium.
534 805 566 866 Si
583 816 661 866 reete
675 805 777 879 utaris,
801 803 907 862 nullum
923 821 1010 884 prope
1026 802 1167 863 hominum
1186 803 1287 882 generi
1304 802 1367 864 deri

265 902 365 973 'potest
390 891 480 948 ineius
501 899 549 947 aut
567 882 771 968 ‘praestabilius
792 885 987 958 denum3'sed
1003 887 1028 946 si
1049 884 1086 945 ad
1102 885 1204 946 benum
1220 887 1368 964 ingenium

270 969 345 1035 mala
369 993 451 1034 meus
472 973 645 1044 accesserit,
677 971 789 1046 itidem
804 972 879 1042 erit,
906 981 937 1028 nt
955 967 1067 1050 gladius
1090 970 1120 1028 in
1144 989 1228 1028 maun
1249 971 1364 1029 furiosi.

163 1088 168 1100 ›
271 1059 338 1134 Quo
360 1058 417 1117 erit
441 1057 544 1116 melior
559 1067 588 1116 et
603 1055 732 1126 acutior,
755 1073 790 1114 eo
805 1054 868 1134 plus
885 1053 996 1114 adferet
1012 1053 1089 1112 moli.
1134 1051 1308 1132 Egouutem
1324 1065 1366 1123 te,

271 1137 455 1211 Alexander,
480 1157 543 1200 anno
565 1159 657 1211 nunc,
683 1139 749 1218 quia
762 1138 880 1216 ingenio
895 1139 970 1196 bono
986 1157 1037 1209 es3
1061 1155 1156 1196 entare
1172 1135 1317 1209 desinam,
1341 1138 1368 1195 si

273 1238 302 1284 tu
320 1225 394 1283 bono
414 1222 531 1302 ingenio
554 1222 627 1282 mule
643 1223 684 1281 uti
706 1217 848 1300 coeperis.
894 1220 952 1281 Sed
965 1220 994 1279 id
1007 1239 1093 1299 spero
1109 1239 1165 1280 non
1180 1222 1260 1292 lore,
1284 1230 1370 1299 teque

276 1309 349 1368 beno
368 1308 485 1385 ingenio
498 1306 570 1366 bene
585 1325 701 1365 usurum
721 1323 788 1364 esse
805 1302 933 1376 conlido,
953 1305 1000 1364 rel
1013 1313 1110 1383 tuapte
1125 1315 1225 1384 sponte
1240 1304 1286 1364 vel
1302 1303 1371 1382 quia

208 1406 256 1452 tes
274 1390 382 1452 videris
398 1391 473 1449 ,nihi
497 1389 581 1449 valde
602 1409 698 1450 amare
721 1409 844 1456 amorem
867 1407 937 1467 erge
958 1399 987 1448 te
1009 1407 1119 1446 meum:
1146 1407 1227 1466 quem
1243 1387 1318 1446 tueri
1335 1406 1371 1446 ae

275 1493 449 1536 conservare
474 1473 531 1532 alia
553 1475 664 1533 ratione
685 1471 761 1530 nulla
785 1484 877 1551 potes.
921 1471 998 1532 Vale
1013 1482 1043 1531 et
1058 1472 1084 1529 si
1102 1490 1146 1530 me
1159 1487 1256 1542 amas,
1280 1471 1371 1530 virtu·

263 1569 331 1618 tem
354 1577 388 1617 ac
411 1558 522 1618 litteras
539 1576 619 1616 ama.
666 1556 755 1614 Nulla
776 1557 804 1614 in
824 1555 953 1614 humanis
972 1555 1056 1614 rebus
1077 1555 1186 1615 maiore
1202 1555 1276 1614 bona
1291 1547 1369 1614 sunt.¹

275 1642 472 1715 ltere-eale.
492 1639 617 1702 Tibure.¹
630 1639 719 1703 Vlll.
734 1637 858 1698 lialend.
877 1639 957 1718 Sept.
974 1637 1137 1700 MDLXX.
1194 1637 1200 1653 ¹

493 1821 608 1885 LXIV.
661 1764 855 1883 EIDEM
890 1819 1152 1908 etr-unte.

279 1942 398 2053 Accepi
418 1985 515 2034 ternas
530 1983 594 2032 tuas
610 1973 740 2033 litteras:
765 1974 794 2034 in
809 1974 963 2052 postremis
974 1983 1072 2032 autem
1086 1970 1222 2052 quaedam
1237 1983 1320 2034 erant
1333 1973 1374 2038 ita

206 2069 209 2074 '
279 2059 461 2136 negligenter
482 2057 609 2136 scripta,
632 2067 663 2118 ut
682 2057 767 2116 facile
785 2067 947 2128 constaret,
971 2055 1048 2116 aliud
1063 2057 1161 2136 egisse
1175 2066 1224 2128 te,
1246 2076 1308 2115 eum
1323 2057 1375 2116 illa

280 2141 435 2202 scriberes.
481 2137 636 2202 Ostendam
652 2160 687 2202 aa
702 2141 766 2213 tibi,
789 2142 943 2224 cumistue
956 2160 1074 2213 venero,
1092 2151 1122 2200 et
1137 2139 1294 2200 auriculam
1308 2159 1375 2219 per.

280 2226 381 2286 vellem
405 2224 475 2295 tibi,
501 2235 532 2282 ut
552 2236 651 2303 postea
674 2225 703 2284 iu
725 2223 877 2285 scribendo
895 2225 1032 2284 attentior
1047 2225 1088 2284 sis
1103 2235 1133 2284 et
1147 2223 1246 2284 saltem
1260 2243 1310 2282 eos
1327 2243 1375 2282 so·

280 2309 433 2369 loeeismos
451 2306 593 2386 effugias,
617 2327 688 2387 quos
707 2308 867 2388 effugerent
884 2309 968 2368 etiarn
990 2302 1123 2388 pueruli,
1146 2309 1193 2386 qui
1210 2308 1309 2387 primis
1328 2307 1376 2366 tie

281 2395 352 2454 teris
376 2393 548 2452 imbuuntur.
592 2391 663 2450 Noli
685 2403 778 2452 temen
803 2411 838 2451 ex
859 2391 911 2450 hae
929 2411 991 2452 mea
1009 2389 1200 2452 admonitione
1216 2390 1376 2450 molestiam
1394 2433 1396 2436 -

280 2477 365 2536 ullam
381 2493 494 2554 cepere.
539 2475 607 2534 Non
621 2475 696 2534 euim
712 2485 863 2554 propterea
875 2475 938 2542 volo
955 2473 1104 2552 quidquam
1119 2472 1155 2534 de
1169 2487 1216 2550 tua
1229 2474 1377 2534 hilaritate

280 2556 475 2704 llsslllr’ssel
491 2555 527 2616 ad
546 2555 724 2674 dgigentiam
739 2555 817 2616 addi.
861 2557 948 2621 Vale.
967 2558 1077 2618 Tibure
1092 2557 1149 2618 lX.
1167 2553 1234 2619 liel.
1248 2557 1375 2620 Octobr.

361 2750 372 2782 ’
490 2780 607 2868 nnn
651 2765 1180 2894 urnumnrrnnre..
1246 2755 1289 2848 Ἃ

280 2921 461 3031 Versicnti,
484 2976 554 3036 ques
578 2953 614 3016 ad
635 2976 680 3018 ure
702 2957 820 3031 misisti,
844 2959 997 3020 ostendunt
1015 2958 1058 3018 illi
1075 2955 1205 3038 quidem,
1227 2968 1275 3030 te,
1299 2957 1324 3017 si
1340 2955 1378 3020 ad

281 3043 421 3118 politicam
442 3040 585 3119 ingenium
609 3052 685 3100 tuum
707 3043 878 3104 contulisses
898 3055 927 3104 et
945 3043 1035 3104 bonos
1056 3044 1209 3122 magistros
1229 3051 1329 3120 nuptus
1345 3043 1377 3102 iu

282 3143 316 3182 ee
332 3123 426 3184 studio
442 3124 638 3204 perstitisses,
661 3121 696 3183 ad
711 3125 832 3208 aliquam
846 3128 1049 3207 praestantium
1066 3127 1218 3206 pervenire
1232 3127 1374 3204 potuisse.

281 3205 356 3267 Nam
369 3219 399 3267 et
412 3207 556 3266 numerosi
570 3219 654 3279 sunt,
671 3218 708 3266 et
722 3213 878 3271 sententias
896 3209 1001 3270 babent
1014 3229 1106 3290 neque
1120 3208 1305 3288 inconcinnas
1324 3227 1377 3268 ne·

282 3306 336 3368 qt*
357 3292 536 3369 ineleganter
557 3287 730 3351 collocatas:
756 3304 784 3352 et
798 3295 890 3374 ipsum
906 3286 1019 3354 dicendi
1035 3313 1125 3372 genus
1140 3291 1343 3372 uouebhorret
1357 3312 1378 3350 a

281 3385 372 3435 recto.
416 3374 562 3454 Pluneque
576 3393 694 3456 sperme
709 3373 834 3456 posses:
845 3371 873 3440 te
889 3375 1040 3457 aliquando
1053 3375 1157 3436 bonum
1172 3380 1283 3456 po'e'tam
1297 3376 1374 3446 lore,

177 3463 178 3467 ’
283 3459 308 3516 si
327 3457 380 3520 boc
395 3477 484 3536 agere
501 3459 600 3518 velles.
645 3459 704 3519 Sed
720 3463 829 3520 maiora
843 3461 896 3522 tibi
918 3461 1069 3541 proposita
1080 3469 1156 3532 sunt,
1179 3477 1263 3540 quae,
1287 3471 1377 3538 quan-
1448 3494 1454 3504 ·

281 3551 342 3604 tum
364 3553 465 3621 potes,
488 3561 594 3620 urgeas
613 3561 738 3604 censeo:
761 3555 790 3604 et
811 3546 964 3606 subsicivis
984 3545 1209 3604 horisveteruru
1227 3545 1376 3622 politorum

282 3628 391 3704 seriptu
403 3627 532 3686 manibus
544 3636 633 3699 teres,
649 3647 705 3686 uon
719 3639 777 3690 tam
786 3640 820 3702 pt
834 3630 969 3700 imiteris,
984 3645 1067 3707 quam
1080 3638 1111 3686 ut
1125 3629 1169 3687 eis
1184 3638 1212 3686 te
1225 3626 1375 3696 oblectem

281 3711 423 3788 simulque
440 3709 547 3789 aliquid
571 3729 608 3776 ex
627 3711 669 3772 eis
690 3712 822 3790 assidue,
845 3712 919 3792 quod
934 3713 988 3772 tibi
1001 3713 1066 3771 usui
1082 3707 1294 3790 sit,eolligas.
1338 3709 1375 3772 ln

281 3793 443 3853 scribendis
456 3794 588 3854 uersibus
603 3805 715 3874 tempus
731 3815 748 3854 a
762 3808 792 3858 te
811 3798 965 3869 collocari,
986 3815 1085 3856 verum
1098 3805 1131 3854 ut
1145 3795 1249 3866 fatear,
1272 3791 1373 3854 nolim.

279 3875 376 3936 Malos
398 3895 499 3936 sersus
522 3878 638 3951 faeere,
676 3889 760 3958 turpe
780 3890 845 3951 est3
868 3880 1050 3951 medioeres,
1079 3879 1254 3958 inglorium,
1281 3876 1375 3940 bonos

281 3958 446 4032 diffieibus,
469 3979 551 4040 quam
571 3974 603 4022 ut
624 3965 764 4044 praestari
784 3966 877 4044 possit
892 3965 928 4024 ab
944 3965 1000 4035 iis,
1022 3963 1124 4042 quibus
1140 3960 1218 4022 aliud
1232 3957 1375 4040 agendum
1481 4035 1482 4042 ἵ

280 4055 337 4112 est
369 4043 448 4120 Quid
461 4045 493 4104 iu
504 4047 562 4104 tuis
577 4047 644 4105 lima
657 4055 753 4124 egeat,
769 4062 906 4128 praestus
920 4053 1233 4128 praeseuteinmoaere
1244 4062 1374 4124 possenna
1481 4057 1482 4102 l

213 4142 260 4190 489
280 4147 332 4206 per
351 4129 462 4189 litteras
486 4149 541 4188 non
562 4149 652 4208 acque
672 4130 757 4190 facile
775 4151 900 4211 possum.
924 4125 1226 4210 ¹Recteqee-ne‘verc
1239 4129 1309 4188 mihi
1330 4129 1373 4186 vi.

280 4211 365 4274 detur
382 4211 547 4294 minuit)
564 4211 692 4288 dixisse,
717 4215 884 4276 emendandi
906 4216 1184 4276 laboretu‘maiarem
1206 4231 1273 4274 esse
1290 4231 1374 4292 quam

335 4420 369 4478 ts)
383 4387 459 4478 belot.
476 4434 508 4470 ex
522 4387 600 4468 Pente
614 4423 656 4468 111.
670 4418 693 4469 9.
710 4421 747 4468 2⁰.
778 4423 823 4468 ra
