2960 5070
522 343 653 408 ceum.
676 345 748 409 vu.
780 303 904 444 nuuc.

197 519 218 571 n
240 514 310 574 Tam
328 511 400 593 ,niti
421 511 539 574 conlinit
559 512 653 572 ioculo
672 513 841 592 praecordio
863 527 944 577 certo

324 594 433 656 ldulius
456 615 543 654 cornu
564 605 647 654 notes
671 607 701 655 ot
722 597 790 674 igne
810 616 892 678 puer.

238 675 321 740 llaec
343 697 453 758 qnoque
476 679 605 738 nascenti
627 674 792 738 cecinerunt
812 679 871 740 ietn
895 699 1028 756 sorores,
1108 733 1124 742 .

323 759 402 836 Ques
425 781 481 820 nox
502 763 619 840 antiquo
640 763 755 821 sustulit
774 782 813 822 ex
832 762 941 825 Erebo.

238 841 280 904 An
297 843 382 907 Poris
404 843 542 903 Oenonen
562 845 691 922 quemvis
712 844 846 906 ardenter
867 859 996 922 emeret,

76 985 83 992 .
178 933 221 989 10
325 928 468 988 Sustinuit
487 919 553 987 viso
574 927 703 1007 linquere
722 927 909 1009 Tyndarides

236 1010 362 1072 Dixerat
383 1020 413 1070 et
433 1006 585 1070 theseus:
608 1009 674 1089 Ego
694 1021 741 1083 te,
764 1011 858 1077 Minoi
868 1055 880 1084 ‚
904 1015 1085 1096 relinquero?

320 1093 348 1153 0
368 1112 403 1153 ea
424 1094 470 1152 sit'
483 1093 542 1154 leto
561 1092 672 1153 tardior
692 1093 763 1152 tera
785 1113 859 1154 men.

239 1175 300 1238 Vix
322 1176 396 1236 hene
417 1187 515 1236 vectus
536 1186 599 1236 eret
619 1193 751 1256 spumoso
772 1176 809 1236 etl
828 1177 926 1238 littora
945 1175 1042 1256 Dine,

320 1257 355 1318 ln
375 1257 461 1320 viduo
480 1260 584 1319 coniux
606 1259 668 1319 solu
686 1260 788 1320 relicto
809 1260 892 1322 tlmro
914 1273 969 1324 est.

173 1347 214 1404 tn
236 1340 410 1421 Suhmergi,
434 1340 497 1400 dnm
519 1359 572 1421 per
592 1341 737 1422 Neptunia
759 1354 842 1423 prete
866 1347 1004 1423 vegetor,

320 1423 435 1504 Dignus
459 1435 490 1485 et
510 1425 566 1484 iste
587 1425 662 1498 fnit,
686 1424 788 1503 dignus
812 1438 841 1487 et
860 1427 913 1487 illc
932 1429 1003 1501 luit,

238 1507 295 1584 Qui
317 1521 435 1588 potuere
455 1527 523 1567 snos
546 1509 603 1568 elio
622 1510 781 1569 transferre
802 1511 935 1583 celeres,

319 1590 360 1650 Et
381 1593 455 1652 vites
476 1591 537 1650 vite
557 1589 712 1652 deseruere
726 1593 824 1671 urion.

188 1697 193 1718 ¹
236 1673 309 1736 Tele
332 1694 386 1754 ego
408 1674 434 1732 si
455 1673 556 1733 faeiem
579 1674 706 1746 incisus,
728 1675 798 1734 mihi
821 1687 900 1734 terre
920 1672 1067 1748 dehiscat,

173 1761 216 1816 tto
317 1756 358 1817 m
378 1757 476 1838 rapior
498 1757 616 1817 Siculae
634 1759 717 1817 vitus
738 1759 768 1816 iu
789 1769 871 1818 entre
892 1756 983 1818 denec

99 1847 105 1860 ’
236 1840 302 1901 Illic
322 1859 367 1900 me
387 1839 532 1918 Tregicec
551 1841 662 1900 vexetis
684 1839 852 1921 Erinnyes,
875 1840 935 1900 illic
1036 1881 1037 1886 κ

319 1924 425 1997 omnin
448 1933 609 1983 cunctorum
633 1924 711 1984 solus
735 1925 839 1984 scente
859 1923 961 1984 ierem.

189 2001 192 2010 ’
236 2003 296 2068 Sed
318 2025 409 2086 neque
430 2015 487 2064 tem
509 2004 611 2066 dubins
632 2025 724 2084 neque
745 2027 806 2067 sum
827 2017 885 2066 um
907 2005 989 2067 lictus
1009 2018 1134 2067 ametor.
1187 2053 1190 2060 .

319 2090 385 2149 Ilua
406 2087 468 2148 dics
488 2089 574 2147 vtum
594 2089 690 2161 liniet,
712 2087 883 2149 euclidem.
960 2099 964 2106 '

173 2178 214 2232 28
236 2169 466 2250 Quandocumque
487 2171 578 2249 igitur
599 2172 698 2231 lemlie
716 2183 844 2251 tempore
866 2189 998 2244 neurus,

318 2253 367 2315 Ad
390 2274 493 2315 vacuas
514 2255 587 2313 lucis
609 2274 698 2334 cogar
717 2254 798 2315 edire
820 2253 936 2326 domos,
990 2294 993 2299 -
1019 2321 1021 2326 .

235 2337 383 2418 Margaris
405 2339 468 2418 ipse
488 2336 558 2396 milri
579 2339 732 2398 netltentes
754 2336 866 2398 claudet
885 2337 1011 2408 ocellos,

318 2421 473 2501 Virumque
493 2440 545 2480 ore
567 2440 619 2481 suo
642 2431 741 2500 enimet
758 2421 799 2480 ub
821 2440 872 2481 ore
894 2439 975 2480 meo:

236 2502 325 2576 Post,
349 2503 439 2564 effuse
458 2521 572 2576 comes,
594 2516 721 2564 nostrum
744 2504 811 2564 flent
832 2513 898 2564 ente
920 2502 1101 2582 sepulcrum,
1126 2564 1129 2572 ,

174 2594 217 2649 50
319 2589 405 2648 Serto
428 2585 524 2646 icrcns
546 2587 681 2668 lucrymis
704 2585 818 2647 humide
841 2585 917 2647 lecto
941 2587 1020 2657 suis,

236 2671 277 2732 Et
296 2669 391 2730 dicet:
413 2670 506 2731 Vates
528 2690 638 2751 nuper,
662 2669 798 2744 Murem,
821 2670 902 2730 fuisti

318 2754 385 2814 Non
403 2752 514 2838 vitonus,
537 2763 567 2812 et
587 2765 667 2814 certe
688 2748 760 2814 lidus
780 2765 890 2814 ametor
909 2771 986 2814 eres.

334 2879 338 2894 ¹
406 2933 479 2996 vlt.
528 2931 756 2996 menate
791 2931 992 2996 SEXTA.

237 3047 401 3164 Margum,
423 3084 486 3163 quis
506 3081 575 3144 mihi
596 3095 625 3146 te
647 3077 749 3144 reddet
769 3079 860 3155 deus,
884 3093 934 3143 eut
953 3079 1006 3142 tihi
1030 3081 1094 3162 quis
1115 3100 1179 3153 nos,

173 3177 177 3184 '
320 3166 457 3248 Aspeetn.
471 3176 503 3226 ut
522 3179 604 3248 grato
625 3163 718 3248 possit
740 3161 858 3246 uterque
879 3159 960 3226 lunii

185 3306 189 3312 .
239 3251 303 3312 Nec
324 3250 414 3311 solum
438 3263 577 3332 espectn,
600 3249 652 3311 sed
672 3261 703 3312 et
721 3251 820 3310 osculo
840 3250 918 3310 ierne
938 3249 1025 3310 citato

320 3333 449 3414 Impete,
472 3354 545 3413 queo
567 3333 660 3394 nullus
683 3327 863 3393 dinumerare
884 3342 987 3412 queat:

150 3476 175 3488 f,
195 3421 216 3474 u
236 3415 278 3478 Ut
297 3413 470 3477 colludentes
494 3415 615 3478 iucundo
636 3435 779 3476 murmure
797 3415 913 3493 linguae

265 3507 271 3523 ‘
322 3497 506 3560 committent
527 3493 625 3562 nvides
648 3519 699 3580 per
720 3498 815 3578 patulo
836 3518 888 3558 oro
908 3493 1028 3557 enimes.

239 3581 306 3644 Non
328 3583 367 3642 ita
388 3583 462 3644 laete
485 3583 540 3644 fnit
561 3579 698 3664 quondum
720 3581 872 3653 lcoriotis,
895 3579 1033 3660 Ulyssem
1154 3577 1158 3582 ’

322 3663 395 3724 Cum
416 3664 489 3726 vidit
510 3664 618 3729 salvum
640 3676 706 3747 post
727 3660 783 3724 duo
804 3663 896 3724 lustru
918 3678 1017 3735 suum;

239 3747 380 3812 Nectum
401 3749 502 3809 iterum
523 3759 639 3833 accepte
660 3745 839 3830 Lyrnesside
858 3745 949 3806 lnetus
970 3741 1121 3814 Achilles,

176 3837 219 3894 10
322 3831 388 3905 Qua
408 3828 547 3911 qnondam
568 3831 688 3894 abducta
707 3830 826 3892 fleverat
846 3829 909 3910 ipse
930 3827 1001 3888 dinc
1048 3897 1053 3907 x

241 3914 332 3991 Quem
354 3925 383 3974 te
405 3929 558 3996 conspecta
580 3916 638 3976 scis
662 3935 725 3987 me,
749 3933 811 3974 men
834 3915 913 3984 vite,
935 3912 1080 3982 futurum

324 3997 416 4071 Quem
440 4020 485 4058 me
506 4009 660 4080 conspecto
682 4009 710 4058 te
732 3999 812 4070 scio,
835 3995 913 4068 vite,
937 3991 1010 4054 iore.

241 4079 370 4159 Oquem
392 4080 494 4154 avide,
517 4105 535 4143 o
557 4082 686 4163 quotics,
710 4101 727 4140 o
748 4091 836 4160 quot,
860 4080 1002 4149 formosa,
1023 4071 1123 4153 liguris

325 4164 379 4224 leti
401 4166 445 4224 ori
467 4186 552 4226 roseo
574 4165 655 4224 besie
677 4182 778 4244 pressa
799 4159 917 4224 ‹lnrcml

182 4250 221 4304 te
242 4245 310 4306 Non
332 4245 439 4308 hedera
458 4269 580 4310 annosas
601 4247 797 4328 complectitur
815 4245 921 4306 arctius
943 4242 1043 4312 eleos,

166 4367 422 4384 m

216 4433 367 4482 v1.ns.tt.
395 4435 521 4482 mimum
534 4443 624 4482 ηοω
639 4431 845 4484 unumunurn.
872 4431 964 4480 Nem.
