2980 5074
416 271 594 388 'onam
620 324 646 384 l.
680 277 906 420 runcone(
959 355 962 370 .
1161 317 1228 404 24⁹
1304 309 1310 318 ·

404 505 665 590 bassrns.
708 520 970 609 neurus,

301 645 340 738 0
362 679 442 738 cuius
463 676 521 738 alto
544 675 610 736 nixa
631 675 722 736 virtus
744 684 862 755 pectore

217 770 280 828 150
301 765 427 842 Sperare
447 760 566 820 Romam
590 757 653 818 sola
674 755 841 836 depressam
862 753 959 828 iubet,

222 891 224 901 .
246 920 249 929 y
299 845 486 924 Magnanimo
506 842 615 914 Brute,
637 839 771 900 Phoebus
793 850 893 900 aurato
915 837 995 900 diem

301 927 429 989 Adduxit
449 945 516 999 ore,
539 937 596 984 tam
617 922 665 984 diu
684 923 920 1004 optatammibi,
1009 937 1010 941 ’

300 1013 366 1088 Qua
386 1011 479 1090 patria
497 1020 597 1069 nostra
616 1007 709 1067 libera
729 1006 832 1068 evadat
851 1025 946 1067 manu.

302 1096 350 1157 lta
372 1095 466 1153 fausta
486 1093 561 1154 votis
583 1111 646 1155 sors
668 1091 740 1151 meis
761 1089 950 1170 respondeat,

218 1187 280 1244 155
303 1179 344 1240 Ut
364 1177 436 1237 baec
456 1177 573 1257 tyranni
594 1174 764 1235 vimlentum
786 1173 955 1254 sanguinem

301 1260 429 1326 Haurire
449 1257 549 1319 dextra
570 1259 658 1338 gestit
678 1268 707 1318 et
727 1258 777 1317 vix
797 1277 831 1316 sc
850 1266 946 1316 tenet:
1039 1276 1042 1288 ι

301 1344 396 1424 thue
408 1342 492 1403 baec
513 1341 585 1402 nibil
606 1361 652 1400 mc
672 1341 844 1420 cogitantem
864 1348 980 1420 praeter
999 1334 1071 1400 boec
1159 1361 1162 1370 ¹

193 1435 197 1442 '
300 1427 369 1488 Nox
388 1437 448 1486 tota
471 1423 553 1487 vidit.
599 1424 649 1486 Sic
671 1423 702 1481 in
724 1424 803 1483 illum
817 1427 869 1482 'me
891 1421 1000 1496 leram,

302 1511 353 1571 Sic
372 1509 521 1582 involem,
546 1508 589 1567 sic
609 1525 771 1567 mucronem
794 1515 921 1586 pectore
951 1568 956 1580 ,

113 1655 120 1671 ,
220 1600 282 1658 leo
304 1593 432 1654 Condam
455 1593 593 1652 scelesto:
618 1591 679 1650 fors
704 1601 733 1650 et
748 1590 824 1669 ipsis
847 1587 980 1648 dentibus

302 1677 425 1738 Cervicc
445 1674 509 1735 dira
530 1674 645 1734 noxium
665 1672 828 1733 abscindam
850 1683 953 1752 caput:
995 1675 1011 1738 '‚

300 1760 428 1821 Cruento
447 1769 479 1818 ut
498 1779 549 1821 ore
570 1755 705 1838 prodiens
726 1757 756 1814 in
780 1755 922 1836 publicum

303 1843 436 1904 Clamare
456 1843 582 1924 pessima
606 1841 699 1899 Roma
720 1836 837 1898 tandem
854 1836 946 1896 libera
961 1845 1017 1896 est.
1072 1860 1076 1868 2
1110 1829 1120 1836 “

301 1927 395 1987 Ferus
418 1927 468 1986 iile
488 1925 597 1985 animus
619 1934 649 1983 et
670 1923 776 2003 publici
797 1923 914 1980 invasor
932 1919 1001 1980 boni

220 2016 282 2074 155
302 2012 418 2071 Tenues
438 2010 469 2068 in
490 2027 574 2069 amas
598 2004 752 2085 dissipatus
772 2005 881 2064 venuit.
1095 1996 1097 2000 ’

302 2094 385 2156 Tunc
406 2093 431 2152 si
451 2091 497 2152 vel
520 2101 583 2150 atra
604 2099 695 2148 morte
717 2089 756 2148 sit
775 2087 884 2168 pariter
904 2085 975 2144 mibi

302 2174 441 2237 Mutanda
460 2174 536 2246 vita,
561 2173 653 2232 laetus
675 2183 760 2251 atque
783 2170 880 2230 alacer
900 2167 1010 2229 cadam.

303 2259 385 2319 Bene
409 2258 548 2328 moritur,
571 2255 619 2335 qui
640 2256 760 2336 patriam
783 2253 908 2313 moriens
929 2253 1018 2311 iuvat.

159 2373 162 2380 ·
205 2383 210 2390 ·
303 2341 382 2419 Quid
402 2340 455 2402 tu'l
476 2338 543 2420 quid
567 2341 624 2398 alia
647 2349 741 2420 mente
763 2347 855 2396 tecum
876 2331 1037 2396 mussitas?
1085 2371 1098 2384 ι.

223 2432 285 2490 170
304 2425 411 2486 Annon
433 2423 532 2484 eodem
554 2442 672 2502 prorsus
694 2419 798 2480 affectu
817 2419 920 2478 cales?

303 2509 422 2571 Effare:
446 2528 511 2568 nam
531 2507 658 2589 quamvis
679 2505 738 2583 legi
759 2504 789 2561 in
809 2501 888 2562 vultu
908 2507 1020 2584 potest,

304 2592 453 2682 Orationis
476 2610 537 2652 sum
558 2601 652 2649 tamen
674 2585 792 2668 cupidus
813 2596 890 2644 tuae.

233 2698 236 2704 ’
302 2675 424 2736 BRUT.
458 2673 536 2750 Quid
557 2693 602 2733 me
623 2673 705 2752 plura
724 2669 800 2751 loqui
822 2687 892 2748 opus
913 2678 974 2742 est,
999 2663 1109 2728 Cassii

303 2760 380 2820 Num
403 2779 466 2819 mea
486 2758 539 2818 tibi
561 2756 720 2816 constantia
742 2763 810 2811 uota
830 2748 899 2810 est?

203 2848 283 2924 ,175
306 2841 402 2918 Semel
422 2835 499 2905 rnte'r
516 2860 570 2900 nos
592 2839 691 2909 stetit,
715 2836 870 2899 nutritam

304 2923 429 2987 Pectore
451 2925 519 2983 forti
542 2922 625 2981 simul
646 2921 794 2990 abiicere,

255 3004 258 3010 ’
305 3007 369 3068 Aut
388 3008 508 3088 patriam
530 3003 681 3065 transdere
702 3003 733 3062 in
756 3001 897 3079 antiquam

199 3153 203 3159 .
248 3143 257 3155 .
304 3089 494 3152 Libertatem.
540 3087 636 3150 Semel
658 3087 712 3145 boc
733 3082 837 3144 dictum
854 3081 914 3140 bst.

307 3173 368 3236 Aut
388 3175 442 3234 boc
462 3191 581 3234 necesse
604 3181 650 3230 cst
668 3169 766 3250 perfici
787 3177 836 3226 aut
854 3163 974 3224 Brutum
995 3161 1079 3223 mori.

224 3264 285 3321 180
306 3256 419 3318 CASS.
456 3255 664 3318 ORomuleae
686 3252 780 3332 gloria
800 3249 913 3328 gentis,
1101 3243 1106 3252 ’

232 3349 233 3352 ’
307 3342 400 3415 Quam
420 3339 472 3401 tibi
491 3357 561 3400 vere
581 3335 676 3417 rigido
697 3338 838 3395 incoctum
858 3343 904 3391 est

307 3424 414 3486 Pectus
435 3424 572 3483 honesto:
596 3419 678 3501 quam
699 3431 748 3479 tua
769 3435 814 3476 mc
833 3415 921 3475 animi
968 3415 971 3419 ’

308 3501 412 3568 Oratio
433 3525 563 3567 securum
586 3525 652 3564 esse
672 3502 770 3568 iubet!
857 3523 861 3533 “

308 3592 390 3653 Unus
412 3590 482 3649 mibi
504 3607 578 3656 nunc
598 3587 747 3667 scrupulus
769 3590 876 3644 restat:
942 3589 944 3592 ·

225 3679 287 3736 185
308 3674 410 3736 Unane
431 3693 519 3752 opera
540 3668 756 3732 confodiendum

309 3755 382 3816 Cum
404 3754 532 3815 Caesare
552 3757 615 3834 ipso
637 3771 755 3813 censeas
778 3741 957 3808 Antonium?
1072 3815 1075 3823 Ι

308 3839 403 3900 BRU.
428 3839 489 3902 Iam
506 3858 592 3921 saepe
609 3836 686 3908 dixi,
710 3834 741 3894 id
754 3851 820 3893 esse
835 3827 984 3888 consilium
1000 3823 1087 3895 mibi,

309 3924 404 3985 Salvis
426 3924 568 4004 perimere
589 3919 699 3980 civibus
719 3911 883 3998 tyrannida.

309 4004 423 4068 CASS.
446 4006 609 4066 Perimatur
627 4023 696 4084 ergo
710 4001 745 4061 ab
763 3997 867 4058 infimis
880 3989 1043 4060 radicibus,

81 4181 90 4203 '
197 4190 241 4238 Vs.
257 4192 311 4238 llttt.
338 4199 480 4235 ammonent.
510 4186 616 4234 Primam
634 4174 707 4230 trulum
727 4178 840 4230 vocabuli
858 4177 979 4234 syllabam
992 4180 1080 4235 vereor
1093 4171 1121 4216 ut
1135 4169 1232 4214 reterns
1339 4152 1341 4166 '

142 4247 315 4294 breviaveriut.
344 4252 437 4292 Noenu.
454 4267 483 4282 ι·-
512 4241 669 4290 01.νε.190.
686 4244 742 4286 Ἐκ.

198 4321 242 4366 vs.
259 4321 311 4366 176.
340 4321 449 4366 ccccmo.
479 4318 572 4368 vorsus
589 4311 739 4368 anapaestlcl
761 4309 882 4367 syllabam
900 4305 1014 4372 munnam·
1023 4297 1105 4346 vocali
1118 4297 1234 4366 tenutas-

142 4377 276 4482 ppppnrcpuod
289 4381 363 4434 poeta
376 4375 492 4436 produxit
509 4377 566 4422 ante
581 4372 707 4430 vocalem,
729 4369 773 4420 t'lx
787 4367 849 4419 sotto
864 4345 1075 4414 escusatroundco
1089 4365 1141 4404 ersi
1154 4356 1234 4403 belum.
1285 4413 1288 4425 s
