<?xml version="1.0" encoding="UTF-8"?>
<!DOCTYPE html PUBLIC "-//W3C//DTD XHTML 1.0 Transitional//EN"
    "http://www.w3.org/TR/xhtml1/DTD/xhtml1-transitional.dtd">
<html xmlns="http://www.w3.org/1999/xhtml" xml:lang="en" lang="en">
 <head>
  <title>
</title>
<meta http-equiv="Content-Type" content="text/html;charset=utf-8" />
  <meta name='ocr-system' content='tesseract 3.04.00' />
  <meta name='ocr-capabilities' content='ocr_page ocr_carea ocr_par ocr_line ocrx_word'/>
</head>
<body>
  <div class='ocr_page' id='page_1' title='image "./mantoniimuretio00lazegoog_0216.png"; bbox 0 0 2980 5074; ppageno 0'>
   <div class='ocr_carea' id='block_1_1' title="bbox 243 233 959 368">
    <p class='ocr_par' dir='ltr' id='par_1_1' title="bbox 243 233 959 368">
     <span class='ocr_line' id='line_1_1' title="bbox 243 233 959 368; baseline -0.001 -21"><span class='ocrx_word' id='word_1_1' title='bbox 243 261 340 358; x_wconf 77' lang='lat' dir='ltr'><strong>&#39;sm</strong></span> <span class='ocrx_word' id='word_1_2' title='bbox 473 233 502 257; x_wconf 78' lang='grc'><em>”</em></span> <span class='ocrx_word' id='word_1_3' title='bbox 671 283 796 368; x_wconf 76' lang='grc' dir='ltr'><strong>ιιιιιιιι</strong></span> <span class='ocrx_word' id='word_1_4' title='bbox 816 281 959 348; x_wconf 84' lang='lat' dir='ltr'><strong>uuauu</strong></span> 
     </span>
    </p>
   </div>
   <div class='ocr_carea' id='block_1_2' title="bbox 172 441 1447 4016">
    <p class='ocr_par' dir='ltr' id='par_1_2' title="bbox 172 441 1447 4016">
     <span class='ocr_line' id='line_1_2' title="bbox 275 441 1377 532; baseline -0.004 -14"><span class='ocrx_word' id='word_1_5' title='bbox 275 454 449 518; x_wconf 69' lang='lat' dir='ltr'>humanitate</span> <span class='ocrx_word' id='word_1_6' title='bbox 472 473 508 513; x_wconf 87' lang='lat' dir='ltr'><strong>ae</strong></span> <span class='ocrx_word' id='word_1_7' title='bbox 528 451 663 514; x_wconf 85' lang='lat' dir='ltr'><strong>comitate</strong></span> <span class='ocrx_word' id='word_1_8' title='bbox 686 453 743 512; x_wconf 90' lang='lat' dir='ltr'><strong>mei</strong></span> <span class='ocrx_word' id='word_1_9' title='bbox 766 471 918 516; x_wconf 84' lang='lat' dir='ltr'><strong>memorem</strong></span> <span class='ocrx_word' id='word_1_10' title='bbox 938 449 1049 524; x_wconf 80' lang='lat' dir='ltr'><strong>luisse,</strong></span> <span class='ocrx_word' id='word_1_11' title='bbox 1070 461 1111 532; x_wconf 52' lang='lat' dir='ltr'><strong>ut,</strong></span> <span class='ocrx_word' id='word_1_12' title='bbox 1124 441 1162 512; x_wconf 75' lang='lat' dir='ltr'><strong>er&#39;r</strong></span> <span class='ocrx_word' id='word_1_13' title='bbox 1182 451 1247 532; x_wconf 84' lang='lat' dir='ltr'><strong>ipso</strong></span> <span class='ocrx_word' id='word_1_14' title='bbox 1272 451 1377 514; x_wconf 83' lang='lat' dir='ltr'><strong>itinere</strong></span> 
     </span>
     <span class='ocr_line' id='line_1_3' title="bbox 252 535 1379 614; baseline -0.006 -13"><span class='ocrx_word' id='word_1_15' title='bbox 252 605 253 610; x_wconf 53' lang='grc'>,</span> <span class='ocrx_word' id='word_1_16' title='bbox 275 539 313 602; x_wconf 83' lang='lat' dir='ltr'><strong>ml</strong></span> <span class='ocrx_word' id='word_1_17' title='bbox 329 558 374 599; x_wconf 92' lang='lat' dir='ltr'><strong>me</strong></span> <span class='ocrx_word' id='word_1_18' title='bbox 391 537 521 598; x_wconf 84' lang='lat' dir='ltr'><strong>scribere</strong></span> <span class='ocrx_word' id='word_1_19' title='bbox 539 535 674 614; x_wconf 76' lang='lat' dir='ltr'><strong>«ligantes</strong></span> <span class='ocrx_word' id='word_1_20' title='bbox 692 555 796 608; x_wconf 85' lang='lat' dir='ltr'><strong>esses;</strong></span> <span class='ocrx_word' id='word_1_21' title='bbox 813 537 935 598; x_wconf 83' lang='lat' dir='ltr'><strong>litterae</strong></span> <span class='ocrx_word' id='word_1_22' title='bbox 955 547 1049 596; x_wconf 89' lang='lat' dir='ltr'><strong>antem</strong></span> <span class='ocrx_word' id='word_1_23' title='bbox 1066 547 1132 596; x_wconf 89' lang='lat' dir='ltr'><strong>tuae</strong></span> <span class='ocrx_word' id='word_1_24' title='bbox 1147 554 1284 614; x_wconf 76' lang='lat' dir='ltr'><strong>nusquam</strong></span> <span class='ocrx_word' id='word_1_25' title='bbox 1300 555 1379 594; x_wconf 83' lang='lat' dir='ltr'><strong>oom-</strong></span> 
     </span>
     <span class='ocr_line' id='line_1_4' title="bbox 264 611 1379 705; baseline -0.005 -21"><span class='ocrx_word' id='word_1_26' title='bbox 264 632 413 705; x_wconf 75' lang='lat' dir='ltr'><strong>parerent</strong></span> <span class='ocrx_word' id='word_1_27' title='bbox 420 611 628 693; x_wconf 65' lang='lat' dir='ltr'><strong>,‘conlicicbar</strong></span> <span class='ocrx_word' id='word_1_28' title='bbox 646 620 720 680; x_wconf 85' lang='lat' dir='ltr'><strong>miro&#39;</strong></span> <span class='ocrx_word' id='word_1_29' title='bbox 745 617 865 699; x_wconf 81' lang='lat' dir='ltr'><strong>quodam</strong></span> <span class='ocrx_word' id='word_1_30' title='bbox 885 639 995 698; x_wconf 83' lang='lat' dir='ltr'><strong>augore</strong></span> <span class='ocrx_word' id='word_1_31' title='bbox 1018 619 1119 690; x_wconf 91' lang='lat' dir='ltr'><strong>animi,</strong></span> <span class='ocrx_word' id='word_1_32' title='bbox 1143 638 1235 698; x_wconf 88' lang='lat' dir='ltr'><strong>neque</strong></span> <span class='ocrx_word' id='word_1_33' title='bbox 1257 619 1379 678; x_wconf 86' lang='lat' dir='ltr'><strong>levatio·</strong></span> 
     </span>
     <span class='ocr_line' id='line_1_5' title="bbox 277 701 1379 783; baseline -0.005 -15"><span class='ocrx_word' id='word_1_34' title='bbox 277 725 343 768; x_wconf 79' lang='lat' dir='ltr'><strong>nem</strong></span> <span class='ocrx_word' id='word_1_35' title='bbox 359 704 445 766; x_wconf 84' lang='lat' dir='ltr'><strong>ullam</strong></span> <span class='ocrx_word' id='word_1_36' title='bbox 461 703 591 783; x_wconf 87' lang='lat' dir='ltr'><strong>reperire</strong></span> <span class='ocrx_word' id='word_1_37' title='bbox 605 713 734 782; x_wconf 89' lang='lat' dir='ltr'><strong>poteram</strong></span> <span class='ocrx_word' id='word_1_38' title='bbox 750 713 1052 782; x_wconf 68' lang='lat' dir='ltr'><strong>praetermorem,</strong></span> <span class='ocrx_word' id='word_1_39' title='bbox 1074 722 1157 782; x_wconf 86' lang='lat' dir='ltr'><strong>quam</strong></span> <span class='ocrx_word' id='word_1_40' title='bbox 1175 701 1245 762; x_wconf 91' lang='lat' dir='ltr'><strong>mibi</strong></span> <span class='ocrx_word' id='word_1_41' title='bbox 1262 702 1379 764; x_wconf 74' lang='lat' dir='ltr'><strong>litterae</strong></span> 
     </span>
     <span class='ocr_line' id='line_1_6' title="bbox 279 784 1378 868; baseline -0.005 -17"><span class='ocrx_word' id='word_1_42' title='bbox 279 800 346 851; x_wconf 84' lang='lat' dir='ltr'><strong>tuae</strong></span> <span class='ocrx_word' id='word_1_43' title='bbox 370 787 551 868; x_wconf 50' lang='lat' dir='ltr'><strong>attuleruut„</strong></span> <span class='ocrx_word' id='word_1_44' title='bbox 580 785 646 864; x_wconf 83' lang='lat' dir='ltr'><strong>Ego</strong></span> <span class='ocrx_word' id='word_1_45' title='bbox 669 797 717 858; x_wconf 87' lang='lat' dir='ltr'><strong>te,</strong></span> <span class='ocrx_word' id='word_1_46' title='bbox 746 784 910 846; x_wconf 83' lang='lat' dir='ltr'><strong>Cardinulis</strong></span> <span class='ocrx_word' id='word_1_47' title='bbox 933 787 1038 866; x_wconf 86' lang='lat' dir='ltr'><strong>optime</strong></span> <span class='ocrx_word' id='word_1_48' title='bbox 1061 805 1095 845; x_wconf 89' lang='lat' dir='ltr'><strong>ac</strong></span> <span class='ocrx_word' id='word_1_49' title='bbox 1116 785 1378 865; x_wconf 85' lang='lat' dir='ltr'><strong>praestantissime,</strong></span> 
     </span>
     <span class='ocr_line' id='line_1_7' title="bbox 173 867 1380 952; baseline -0.005 -18"><span class='ocrx_word' id='word_1_50' title='bbox 173 893 178 910; x_wconf 81' lang='grc'><em>·</em></span> <span class='ocrx_word' id='word_1_51' title='bbox 281 889 394 952; x_wconf 85' lang='lat' dir='ltr'><strong>semper</strong></span> <span class='ocrx_word' id='word_1_52' title='bbox 408 867 559 932; x_wconf 86' lang='lat' dir='ltr'><strong>observavl</strong></span> <span class='ocrx_word' id='word_1_53' title='bbox 574 889 608 928; x_wconf 90' lang='lat' dir='ltr'><strong>ao</strong></span> <span class='ocrx_word' id='word_1_54' title='bbox 623 869 711 941; x_wconf 87' lang='lat' dir='ltr'><strong>colui,</strong></span> <span class='ocrx_word' id='word_1_55' title='bbox 733 881 833 948; x_wconf 89' lang='lat' dir='ltr'><strong>eaptus</strong></span> <span class='ocrx_word' id='word_1_56' title='bbox 847 890 903 928; x_wconf 91' lang='lat' dir='ltr'><strong>non</strong></span> <span class='ocrx_word' id='word_1_57' title='bbox 918 881 975 928; x_wconf 88' lang='lat' dir='ltr'><strong>tam</strong></span> <span class='ocrx_word' id='word_1_58' title='bbox 992 867 1140 928; x_wconf 83' lang='lat' dir='ltr'><strong>nobilitate</strong></span> <span class='ocrx_word' id='word_1_59' title='bbox 1156 869 1220 948; x_wconf 90' lang='lat' dir='ltr'><strong>ipsa</strong></span> <span class='ocrx_word' id='word_1_60' title='bbox 1234 868 1309 946; x_wconf 80' lang='lat' dir='ltr'><strong>regii</strong></span> <span class='ocrx_word' id='word_1_61' title='bbox 1327 888 1380 946; x_wconf 81' lang='lat' dir='ltr'><strong>ge·</strong></span> 
     </span>
     <span class='ocr_line' id='line_1_8' title="bbox 216 951 1381 1042; baseline -0.003 -26"><span class='ocrx_word' id='word_1_62' title='bbox 216 987 221 991; x_wconf 96' lang='lat'><em>·</em></span> <span class='ocrx_word' id='word_1_63' title='bbox 280 955 359 1016; x_wconf 88' lang='lat' dir='ltr'><strong>neris</strong></span> <span class='ocrx_word' id='word_1_64' title='bbox 377 955 419 1014; x_wconf 90' lang='lat' dir='ltr'><strong>tui</strong></span> <span class='ocrx_word' id='word_1_65' title='bbox 435 973 517 1032; x_wconf 87' lang='lat' dir='ltr'><strong>quam</strong></span> <span class='ocrx_word' id='word_1_66' title='bbox 532 951 719 1014; x_wconf 76' lang='lat' dir='ltr'><strong>admiratione</strong></span> <span class='ocrx_word' id='word_1_67' title='bbox 734 964 845 1012; x_wconf 88' lang='lat' dir='ltr'><strong>tuarum</strong></span> <span class='ocrx_word' id='word_1_68' title='bbox 860 953 1047 1031; x_wconf 74' lang='lat' dir='ltr'><strong>singularium</strong></span> <span class='ocrx_word' id='word_1_69' title='bbox 1063 953 1093 1011; x_wconf 89' lang='lat' dir='ltr'><strong>iu</strong></span> <span class='ocrx_word' id='word_1_70' title='bbox 1107 953 1184 1042; x_wconf 67' lang='lat' dir='ltr'><strong>omui</strong></span> <span class='ocrx_word' id='word_1_71' title='bbox 1197 971 1305 1030; x_wconf 81' lang='lat' dir='ltr'><strong>genere</strong></span> <span class='ocrx_word' id='word_1_72' title='bbox 1319 953 1381 1014; x_wconf 87' lang='lat' dir='ltr'><strong>vir·</strong></span> 
     </span>
     <span class='ocr_line' id='line_1_9' title="bbox 280 1035 1380 1116; baseline -0.005 -16"><span class='ocrx_word' id='word_1_73' title='bbox 280 1049 391 1110; x_wconf 78' lang='lat' dir='ltr'><strong>tutum:</strong></span> <span class='ocrx_word' id='word_1_74' title='bbox 415 1037 576 1116; x_wconf 87' lang='lat' dir='ltr'><strong>quibusita</strong></span> <span class='ocrx_word' id='word_1_75' title='bbox 594 1036 666 1106; x_wconf 89' lang='lat' dir='ltr'><strong>tibi,</strong></span> <span class='ocrx_word' id='word_1_76' title='bbox 689 1035 755 1096; x_wconf 84' lang='lat' dir='ltr'><strong>dum</strong></span> <span class='ocrx_word' id='word_1_77' title='bbox 775 1037 805 1098; x_wconf 90' lang='lat' dir='ltr'><strong>iu</strong></span> <span class='ocrx_word' id='word_1_78' title='bbox 824 1035 897 1096; x_wconf 89' lang='lat' dir='ltr'><strong>urbe</strong></span> <span class='ocrx_word' id='word_1_79' title='bbox 918 1047 1049 1096; x_wconf 83' lang='lat' dir='ltr'><strong>versatus</strong></span> <span class='ocrx_word' id='word_1_80' title='bbox 1067 1055 1111 1107; x_wconf 90' lang='lat' dir='ltr'><strong>os,</strong></span> <span class='ocrx_word' id='word_1_81' title='bbox 1135 1037 1259 1095; x_wconf 90' lang='lat' dir='ltr'><strong>omnium</strong></span> <span class='ocrx_word' id='word_1_82' title='bbox 1278 1035 1380 1096; x_wconf 88' lang='lat' dir='ltr'><strong>volun-</strong></span> 
     </span>
     <span class='ocr_line' id='line_1_10' title="bbox 280 1118 1380 1198; baseline -0.005 -14"><span class='ocrx_word' id='word_1_83' title='bbox 280 1133 355 1184; x_wconf 86' lang='lat' dir='ltr'><strong>tates</strong></span> <span class='ocrx_word' id='word_1_84' title='bbox 376 1120 537 1180; x_wconf 88' lang='lat' dir='ltr'><strong>conciliasti</strong></span> <span class='ocrx_word' id='word_1_85' title='bbox 560 1139 594 1178; x_wconf 88' lang='lat' dir='ltr'><strong>ac</strong></span> <span class='ocrx_word' id='word_1_86' title='bbox 616 1119 781 1190; x_wconf 67' lang='lat' dir='ltr'><strong>demersisti,</strong></span> <span class='ocrx_word' id='word_1_87' title='bbox 804 1131 834 1178; x_wconf 89' lang='lat' dir='ltr'><strong>ut</strong></span> <span class='ocrx_word' id='word_1_88' title='bbox 856 1118 941 1179; x_wconf 85' lang='lat' dir='ltr'><strong>bodie</strong></span> <span class='ocrx_word' id='word_1_89' title='bbox 960 1138 1082 1198; x_wconf 84' lang='lat' dir='ltr'><strong>quoque,</strong></span> <span class='ocrx_word' id='word_1_90' title='bbox 1106 1118 1225 1178; x_wconf 80' lang='lat' dir='ltr'><strong>absente</strong></span> <span class='ocrx_word' id='word_1_91' title='bbox 1245 1129 1291 1190; x_wconf 87' lang='lat' dir='ltr'><strong>te,</strong></span> <span class='ocrx_word' id='word_1_92' title='bbox 1314 1139 1380 1178; x_wconf 88' lang='lat' dir='ltr'><strong>cum</strong></span> 
     </span>
     <span class='ocr_line' id='line_1_11' title="bbox 281 1201 1381 1280; baseline -0.005 -14"><span class='ocrx_word' id='word_1_93' title='bbox 281 1206 436 1266; x_wconf 89' lang='lat' dir='ltr'><strong>solutiores</strong></span> <span class='ocrx_word' id='word_1_94' title='bbox 450 1203 568 1280; x_wconf 84' lang='lat' dir='ltr'><strong>linguae</strong></span> <span class='ocrx_word' id='word_1_95' title='bbox 584 1214 614 1262; x_wconf 89' lang='lat' dir='ltr'><strong>et</strong></span> <span class='ocrx_word' id='word_1_96' title='bbox 629 1202 767 1264; x_wconf 88' lang='lat' dir='ltr'><strong>liberiora</strong></span> <span class='ocrx_word' id='word_1_97' title='bbox 781 1201 888 1262; x_wconf 84' lang='lat' dir='ltr'><strong>indicia</strong></span> <span class='ocrx_word' id='word_1_98' title='bbox 903 1223 971 1263; x_wconf 89' lang='lat' dir='ltr'><strong>esse</strong></span> <span class='ocrx_word' id='word_1_99' title='bbox 985 1202 1091 1273; x_wconf 86' lang='lat' dir='ltr'><strong>solent,</strong></span> <span class='ocrx_word' id='word_1_100' title='bbox 1113 1221 1196 1262; x_wconf 88' lang='lat' dir='ltr'><strong>nemo</strong></span> <span class='ocrx_word' id='word_1_101' title='bbox 1214 1209 1308 1262; x_wconf 86' lang='lat' dir='ltr'><strong>tamen</strong></span> <span class='ocrx_word' id='word_1_102' title='bbox 1325 1203 1381 1261; x_wconf 90' lang='lat' dir='ltr'><strong>ali-</strong></span> 
     </span>
     <span class='ocr_line' id='line_1_12' title="bbox 281 1283 1381 1366; baseline -0.005 -17"><span class='ocrx_word' id='word_1_103' title='bbox 281 1300 328 1350; x_wconf 89' lang='lat' dir='ltr'><strong>ter</strong></span> <span class='ocrx_word' id='word_1_104' title='bbox 352 1285 387 1346; x_wconf 77' lang='lat' dir='ltr'><strong>ulo</strong></span> <span class='ocrx_word' id='word_1_105' title='bbox 410 1298 440 1346; x_wconf 87' lang='lat' dir='ltr'><strong>tc</strong></span> <span class='ocrx_word' id='word_1_106' title='bbox 460 1305 542 1366; x_wconf 88' lang='lat' dir='ltr'><strong>quam</strong></span> <span class='ocrx_word' id='word_1_107' title='bbox 567 1284 602 1344; x_wconf 85' lang='lat' dir='ltr'><strong>de</strong></span> <span class='ocrx_word' id='word_1_108' title='bbox 624 1285 753 1365; x_wconf 82' lang='lat' dir='ltr'><strong>perlecto</strong></span> <span class='ocrx_word' id='word_1_109' title='bbox 770 1283 889 1365; x_wconf 65' lang='lat' dir='ltr'><strong>quodam</strong></span> <span class='ocrx_word' id='word_1_110' title='bbox 907 1297 937 1346; x_wconf 90' lang='lat' dir='ltr'><strong>et</strong></span> <span class='ocrx_word' id='word_1_111' title='bbox 957 1286 1087 1346; x_wconf 89' lang='lat' dir='ltr'><strong>omuibus</strong></span> <span class='ocrx_word' id='word_1_112' title='bbox 1104 1287 1229 1345; x_wconf 86' lang='lat' dir='ltr'><strong>numeris</strong></span> <span class='ocrx_word' id='word_1_113' title='bbox 1246 1284 1381 1345; x_wconf 88' lang='lat' dir='ltr'><strong>absoluto</strong></span> 
     </span>
     <span class='ocr_line' id='line_1_13' title="bbox 281 1367 1381 1449; baseline -0.004 -17"><span class='ocrx_word' id='word_1_114' title='bbox 281 1373 397 1432; x_wconf 86' lang='lat' dir='ltr'><strong>virtutis</strong></span> <span class='ocrx_word' id='word_1_115' title='bbox 413 1369 542 1449; x_wconf 84' lang='lat' dir='ltr'><strong>exemplo</strong></span> <span class='ocrx_word' id='word_1_116' title='bbox 561 1368 702 1448; x_wconf 78' lang='lat' dir='ltr'><strong>loquatur.</strong></span> <span class='ocrx_word' id='word_1_117' title='bbox 734 1367 783 1428; x_wconf 80' lang='lat' dir='ltr'><strong>Ex</strong></span> <span class='ocrx_word' id='word_1_118' title='bbox 796 1389 852 1448; x_wconf 85' lang='lat' dir='ltr'><strong>quo</strong></span> <span class='ocrx_word' id='word_1_119' title='bbox 867 1370 953 1429; x_wconf 85' lang='lat' dir='ltr'><strong>laeile</strong></span> <span class='ocrx_word' id='word_1_120' title='bbox 973 1379 1055 1449; x_wconf 84' lang='lat' dir='ltr'><strong>potes</strong></span> <span class='ocrx_word' id='word_1_121' title='bbox 1070 1369 1244 1446; x_wconf 83' lang='lat' dir='ltr'><strong>intelligere,</strong></span> <span class='ocrx_word' id='word_1_122' title='bbox 1261 1381 1381 1447; x_wconf 79' lang='lat' dir='ltr'><strong>quanto·</strong></span> 
     </span>
     <span class='ocr_line' id='line_1_14' title="bbox 281 1451 1380 1536; baseline -0.005 -21"><span class='ocrx_word' id='word_1_123' title='bbox 281 1474 350 1536; x_wconf 86' lang='lat' dir='ltr'><strong>pere</strong></span> <span class='ocrx_word' id='word_1_124' title='bbox 370 1453 439 1514; x_wconf 88' lang='lat' dir='ltr'><strong>mibi</strong></span> <span class='ocrx_word' id='word_1_125' title='bbox 457 1464 486 1512; x_wconf 89' lang='lat' dir='ltr'><strong>te</strong></span> <span class='ocrx_word' id='word_1_126' title='bbox 504 1452 555 1512; x_wconf 87' lang='lat' dir='ltr'><strong>tali</strong></span> <span class='ocrx_word' id='word_1_127' title='bbox 572 1462 693 1532; x_wconf 86' lang='lat' dir='ltr'><strong>patrono</strong></span> <span class='ocrx_word' id='word_1_128' title='bbox 710 1451 888 1530; x_wconf 85' lang='lat' dir='ltr'><strong>gloriandum</strong></span> <span class='ocrx_word' id='word_1_129' title='bbox 908 1453 964 1530; x_wconf 85' lang='lat' dir='ltr'><strong>sit,</strong></span> <span class='ocrx_word' id='word_1_130' title='bbox 989 1463 1148 1530; x_wconf 65' lang='lat' dir='ltr'><strong>meamque</strong></span> <span class='ocrx_word' id='word_1_131' title='bbox 1163 1453 1192 1510; x_wconf 89' lang='lat' dir='ltr'><strong>in</strong></span> <span class='ocrx_word' id='word_1_132' title='bbox 1210 1463 1291 1532; x_wconf 87' lang='lat' dir='ltr'><strong>parte</strong></span> <span class='ocrx_word' id='word_1_133' title='bbox 1312 1452 1380 1512; x_wconf 89' lang='lat' dir='ltr'><strong>feli-</strong></span> 
     </span>
     <span class='ocr_line' id='line_1_15' title="bbox 198 1525 1381 1616; baseline -0.003 -18"><span class='ocrx_word' id='word_1_134' title='bbox 198 1525 206 1550; x_wconf 78' lang='lat'>⁸</span> <span class='ocrx_word' id='word_1_135' title='bbox 281 1537 378 1597; x_wconf 86' lang='lat' dir='ltr'><strong>citatis</strong></span> <span class='ocrx_word' id='word_1_136' title='bbox 394 1554 501 1616; x_wconf 86' lang='lat' dir='ltr'><strong>ponere</strong></span> <span class='ocrx_word' id='word_1_137' title='bbox 516 1534 645 1606; x_wconf 77' lang='lat' dir='ltr'><strong>debeam,</strong></span> <span class='ocrx_word' id='word_1_138' title='bbox 668 1534 743 1613; x_wconf 78' lang='lat' dir='ltr'><strong>quotl</strong></span> <span class='ocrx_word' id='word_1_139' title='bbox 759 1556 815 1596; x_wconf 91' lang='lat' dir='ltr'><strong>non</strong></span> <span class='ocrx_word' id='word_1_140' title='bbox 830 1547 938 1596; x_wconf 89' lang='lat' dir='ltr'><strong>tautum</strong></span> <span class='ocrx_word' id='word_1_141' title='bbox 956 1537 985 1594; x_wconf 93' lang='lat' dir='ltr'><strong>in</strong></span> <span class='ocrx_word' id='word_1_142' title='bbox 999 1535 1151 1594; x_wconf 82' lang='lat' dir='ltr'><strong>clientibus</strong></span> <span class='ocrx_word' id='word_1_143' title='bbox 1169 1546 1218 1594; x_wconf 90' lang='lat' dir='ltr'><strong>tua</strong></span> <span class='ocrx_word' id='word_1_144' title='bbox 1233 1535 1381 1596; x_wconf 84' lang='lat' dir='ltr'><strong>voluntate</strong></span> 
     </span>
     <span class='ocr_line' id='line_1_16' title="bbox 282 1614 1381 1698; baseline -0.001 -19"><span class='ocrx_word' id='word_1_145' title='bbox 282 1639 432 1690; x_wconf 72' lang='lat' dir='ltr'><strong>immorer,</strong></span> <span class='ocrx_word' id='word_1_146' title='bbox 456 1614 507 1680; x_wconf 75' lang='lat' dir='ltr'><strong>scel</strong></span> <span class='ocrx_word' id='word_1_147' title='bbox 527 1619 611 1678; x_wconf 89' lang='lat' dir='ltr'><strong>etiam</strong></span> <span class='ocrx_word' id='word_1_148' title='bbox 630 1618 707 1678; x_wconf 88' lang='lat' dir='ltr'><strong>nullo</strong></span> <span class='ocrx_word' id='word_1_149' title='bbox 728 1620 831 1698; x_wconf 85' lang='lat' dir='ltr'><strong>merito</strong></span> <span class='ocrx_word' id='word_1_150' title='bbox 847 1638 910 1680; x_wconf 90' lang='lat' dir='ltr'><strong>meo</strong></span> <span class='ocrx_word' id='word_1_151' title='bbox 930 1616 1005 1698; x_wconf 80' lang='lat' dir='ltr'><strong>apul</strong></span> <span class='ocrx_word' id='word_1_152' title='bbox 1021 1629 1051 1678; x_wconf 91' lang='lat' dir='ltr'><strong>te</strong></span> <span class='ocrx_word' id='word_1_153' title='bbox 1063 1618 1158 1696; x_wconf 84' lang='lat' dir='ltr'><strong>aliquo</strong></span> <span class='ocrx_word' id='word_1_154' title='bbox 1174 1619 1204 1678; x_wconf 90' lang='lat' dir='ltr'><strong>in</strong></span> <span class='ocrx_word' id='word_1_155' title='bbox 1220 1620 1311 1698; x_wconf 88' lang='lat' dir='ltr'><strong>pretio</strong></span> <span class='ocrx_word' id='word_1_156' title='bbox 1326 1618 1381 1678; x_wconf 89' lang='lat' dir='ltr'><strong>ba-</strong></span> 
     </span>
     <span class='ocr_line' id='line_1_17' title="bbox 202 1693 1378 1782; baseline -0.003 -18"><span class='ocrx_word' id='word_1_157' title='bbox 202 1772 205 1779; x_wconf 21' lang='lat'><strong>,</strong></span> <span class='ocrx_word' id='word_1_158' title='bbox 282 1705 363 1764; x_wconf 86' lang='lat' dir='ltr'><strong>bear.</strong></span> <span class='ocrx_word' id='word_1_159' title='bbox 393 1699 547 1782; x_wconf 83' lang='lat' dir='ltr'><strong>Equidem,</strong></span> <span class='ocrx_word' id='word_1_160' title='bbox 569 1714 701 1780; x_wconf 88' lang='lat' dir='ltr'><strong>quantum</strong></span> <span class='ocrx_word' id='word_1_161' title='bbox 715 1701 745 1760; x_wconf 87' lang='lat' dir='ltr'><strong>in</strong></span> <span class='ocrx_word' id='word_1_162' title='bbox 759 1721 804 1761; x_wconf 88' lang='lat' dir='ltr'><strong>me</strong></span> <span class='ocrx_word' id='word_1_163' title='bbox 820 1705 886 1774; x_wconf 89' lang='lat' dir='ltr'><strong>crit,</strong></span> <span class='ocrx_word' id='word_1_164' title='bbox 909 1701 985 1760; x_wconf 89' lang='lat' dir='ltr'><strong>omni</strong></span> <span class='ocrx_word' id='word_1_165' title='bbox 999 1693 1238 1778; x_wconf 72' lang='lat' dir='ltr'><strong>studio‘con&#39;nitar</strong></span> <span class='ocrx_word' id='word_1_166' title='bbox 1251 1701 1378 1774; x_wconf 86' lang='lat' dir='ltr'><strong>efficere,</strong></span> 
     </span>
     <span class='ocr_line' id='line_1_18' title="bbox 283 1782 1393 1865; baseline -0.002 -19"><span class='ocrx_word' id='word_1_167' title='bbox 283 1799 314 1848; x_wconf 90' lang='lat' dir='ltr'><strong>ut</strong></span> <span class='ocrx_word' id='word_1_168' title='bbox 327 1805 494 1846; x_wconf 78' lang='lat' dir='ltr'><strong>conservem</strong></span> <span class='ocrx_word' id='word_1_169' title='bbox 509 1796 584 1844; x_wconf 90' lang='lat' dir='ltr'><strong>tuam</strong></span> <span class='ocrx_word' id='word_1_170' title='bbox 598 1786 682 1844; x_wconf 81' lang='lat' dir='ltr'><strong>istam</strong></span> <span class='ocrx_word' id='word_1_171' title='bbox 697 1803 826 1862; x_wconf 77' lang='lat' dir='ltr'><strong>erga-me</strong></span> <span class='ocrx_word' id='word_1_172' title='bbox 839 1786 926 1844; x_wconf 86' lang='lat' dir='ltr'><strong>animi</strong></span> <span class='ocrx_word' id='word_1_173' title='bbox 940 1784 1174 1865; x_wconf 84' lang='lat' dir='ltr'><strong>propensionem:</strong></span> <span class='ocrx_word' id='word_1_174' title='bbox 1192 1805 1284 1864; x_wconf 89' lang='lat' dir='ltr'><strong>neque</strong></span> <span class='ocrx_word' id='word_1_175' title='bbox 1294 1782 1393 1864; x_wconf 81' lang='lat' dir='ltr'><strong>quid·&#39;</strong></span> 
     </span>
     <span class='ocr_line' id='line_1_19' title="bbox 282 1868 1382 1950; baseline 0 -22"><span class='ocrx_word' id='word_1_176' title='bbox 282 1889 365 1950; x_wconf 84' lang='lat' dir='ltr'><strong>quam</strong></span> <span class='ocrx_word' id='word_1_177' title='bbox 381 1868 472 1928; x_wconf 90' lang='lat' dir='ltr'><strong>babeo</strong></span> <span class='ocrx_word' id='word_1_178' title='bbox 490 1869 651 1947; x_wconf 87' lang='lat' dir='ltr'><strong>antiquius,</strong></span> <span class='ocrx_word' id='word_1_179' title='bbox 674 1888 756 1948; x_wconf 90' lang='lat' dir='ltr'><strong>quam</strong></span> <span class='ocrx_word' id='word_1_180' title='bbox 779 1880 970 1948; x_wconf 78' lang='lat' dir='ltr'><strong>utpraestem</strong></span> <span class='ocrx_word' id='word_1_181' title='bbox 994 1889 1029 1929; x_wconf 90' lang='lat' dir='ltr'><strong>ea</strong></span> <span class='ocrx_word' id='word_1_182' title='bbox 1048 1870 1160 1941; x_wconf 87' lang='lat' dir='ltr'><strong>omnia,</strong></span> <span class='ocrx_word' id='word_1_183' title='bbox 1184 1889 1256 1948; x_wconf 88' lang='lat' dir='ltr'><strong>quae</strong></span> <span class='ocrx_word' id='word_1_184' title='bbox 1273 1869 1326 1929; x_wconf 91' lang='lat' dir='ltr'><strong>tibi</strong></span> <span class='ocrx_word' id='word_1_185' title='bbox 1342 1888 1382 1928; x_wconf 82' lang='lat' dir='ltr'><strong>cx</strong></span> 
     </span>
     <span class='ocr_line' id='line_1_20' title="bbox 283 1950 1381 2032; baseline -0.004 -18"><span class='ocrx_word' id='word_1_186' title='bbox 283 1971 328 2014; x_wconf 89' lang='lat' dir='ltr'><strong>me</strong></span> <span class='ocrx_word' id='word_1_187' title='bbox 343 1972 399 2012; x_wconf 88' lang='lat' dir='ltr'><strong>uon</strong></span> <span class='ocrx_word' id='word_1_188' title='bbox 416 1950 568 2012; x_wconf 81' lang='lat' dir='ltr'><strong>iniucunda</strong></span> <span class='ocrx_word' id='word_1_189' title='bbox 590 1950 723 2012; x_wconf 85' lang='lat' dir='ltr'><strong>accidere</strong></span> <span class='ocrx_word' id='word_1_190' title='bbox 739 1973 826 2032; x_wconf 90' lang='lat' dir='ltr'><strong>posse</strong></span> <span class='ocrx_word' id='word_1_191' title='bbox 846 1951 1016 2012; x_wconf 89' lang='lat' dir='ltr'><strong>arbitrabor.</strong></span> <span class='ocrx_word' id='word_1_192' title='bbox 1060 1951 1106 2010; x_wconf 83' lang='lat' dir='ltr'><strong>Ac</strong></span> <span class='ocrx_word' id='word_1_193' title='bbox 1121 1954 1251 2031; x_wconf 85' lang='lat' dir='ltr'><strong>qnoniam</strong></span> <span class='ocrx_word' id='word_1_194' title='bbox 1274 1951 1310 2011; x_wconf 91' lang='lat' dir='ltr'><strong>ab</strong></span> <span class='ocrx_word' id='word_1_195' title='bbox 1328 1951 1381 2010; x_wconf 88' lang='lat' dir='ltr'><strong>bo-</strong></span> 
     </span>
     <span class='ocr_line' id='line_1_21' title="bbox 246 2029 1378 2116; baseline -0.003 -20"><span class='ocrx_word' id='word_1_196' title='bbox 246 2033 249 2040; x_wconf 88' lang='grc'>’</span> <span class='ocrx_word' id='word_1_197' title='bbox 283 2037 360 2096; x_wconf 85' lang='lat' dir='ltr'><strong>minc</strong></span> <span class='ocrx_word' id='word_1_198' title='bbox 381 2036 411 2094; x_wconf 90' lang='lat' dir='ltr'><strong>in</strong></span> <span class='ocrx_word' id='word_1_199' title='bbox 432 2035 516 2094; x_wconf 90' lang='lat' dir='ltr'><strong>libris</strong></span> <span class='ocrx_word' id='word_1_200' title='bbox 536 2055 571 2094; x_wconf 84' lang='lat' dir='ltr'><strong>ac</strong></span> <span class='ocrx_word' id='word_1_201' title='bbox 590 2035 727 2095; x_wconf 88' lang='lat' dir='ltr'><strong>litterulis</strong></span> <span class='ocrx_word' id='word_1_202' title='bbox 748 2035 845 2097; x_wconf 84' lang='lat' dir='ltr'><strong>abdito</strong></span> <span class='ocrx_word' id='word_1_203' title='bbox 870 2038 919 2096; x_wconf 86' lang='lat' dir='ltr'><strong>vix</strong></span> <span class='ocrx_word' id='word_1_204' title='bbox 933 2035 1019 2096; x_wconf 55' lang='lat' dir='ltr'><strong>‘aliml</strong></span> <span class='ocrx_word' id='word_1_205' title='bbox 1042 2029 1204 2116; x_wconf 75' lang='lat' dir='ltr'><strong>exspectari</strong></span> <span class='ocrx_word' id='word_1_206' title='bbox 1226 2034 1378 2114; x_wconf 76' lang='lat' dir='ltr'><strong>quidquam</strong></span> 
     </span>
     <span class='ocr_line' id='line_1_22' title="bbox 193 2116 1380 2200; baseline 0.001 -23"><span class='ocrx_word' id='word_1_207' title='bbox 193 2167 194 2177; x_wconf 70' lang='grc'>,</span> <span class='ocrx_word' id='word_1_208' title='bbox 283 2129 379 2200; x_wconf 85' lang='lat' dir='ltr'><strong>potest</strong></span> <span class='ocrx_word' id='word_1_209' title='bbox 388 2159 399 2190; x_wconf 91' lang='lat'><em>‚</em></span> <span class='ocrx_word' id='word_1_210' title='bbox 423 2119 531 2178; x_wconf 88' lang='lat' dir='ltr'><strong>mittam</strong></span> <span class='ocrx_word' id='word_1_211' title='bbox 546 2116 582 2178; x_wconf 87' lang='lat' dir='ltr'><strong>ad</strong></span> <span class='ocrx_word' id='word_1_212' title='bbox 595 2130 625 2178; x_wconf 85' lang='lat' dir='ltr'><strong>te</strong></span> <span class='ocrx_word' id='word_1_213' title='bbox 641 2119 735 2178; x_wconf 88' lang='lat' dir='ltr'><strong>l&#39;oetus</strong></span> <span class='ocrx_word' id='word_1_214' title='bbox 748 2119 883 2198; x_wconf 85' lang='lat' dir='ltr'><strong>quosdam</strong></span> <span class='ocrx_word' id='word_1_215' title='bbox 897 2121 1006 2198; x_wconf 81' lang='lat' dir='ltr'><strong>ingenii</strong></span> <span class='ocrx_word' id='word_1_216' title='bbox 1021 2120 1090 2191; x_wconf 84' lang='lat' dir='ltr'><strong>mei,</strong></span> <span class='ocrx_word' id='word_1_217' title='bbox 1111 2139 1167 2178; x_wconf 88' lang='lat' dir='ltr'><strong>uon</strong></span> <span class='ocrx_word' id='word_1_218' title='bbox 1185 2120 1250 2178; x_wconf 86' lang='lat' dir='ltr'><strong>illos</strong></span> <span class='ocrx_word' id='word_1_219' title='bbox 1264 2118 1380 2198; x_wconf 86' lang='lat' dir='ltr'><strong>quidem</strong></span> 
     </span>
     <span class='ocr_line' id='line_1_23' title="bbox 221 2201 1381 2282; baseline -0.002 -18"><span class='ocrx_word' id='word_1_220' title='bbox 221 2219 271 2269; x_wconf 78' lang='lat' dir='ltr'><strong>ste</strong></span> <span class='ocrx_word' id='word_1_221' title='bbox 284 2201 366 2264; x_wconf 84' lang='lat' dir='ltr'><strong>valde</strong></span> <span class='ocrx_word' id='word_1_222' title='bbox 387 2201 490 2280; x_wconf 80' lang='lat' dir='ltr'><strong>dignos</strong></span> <span class='ocrx_word' id='word_1_223' title='bbox 514 2203 561 2282; x_wconf 76' lang='lat' dir='ltr'><strong>qui</strong></span> <span class='ocrx_word' id='word_1_224' title='bbox 580 2222 598 2262; x_wconf 91' lang='lat' dir='ltr'><strong>a</strong></span> <span class='ocrx_word' id='word_1_225' title='bbox 620 2212 649 2262; x_wconf 89' lang='lat' dir='ltr'><strong>te</strong></span> <span class='ocrx_word' id='word_1_226' title='bbox 670 2204 878 2282; x_wconf 71' lang='lat' dir='ltr'><strong>inspiciantur,</strong></span> <span class='ocrx_word' id='word_1_227' title='bbox 900 2202 952 2262; x_wconf 89' lang='lat' dir='ltr'><strong>sed</strong></span> <span class='ocrx_word' id='word_1_228' title='bbox 970 2213 1063 2262; x_wconf 82' lang='lat' dir='ltr'><strong>tamen</strong></span> <span class='ocrx_word' id='word_1_229' title='bbox 1083 2223 1139 2263; x_wconf 85' lang='lat' dir='ltr'><strong>uon</strong></span> <span class='ocrx_word' id='word_1_230' title='bbox 1158 2221 1248 2282; x_wconf 88' lang='lat' dir='ltr'><strong>usque</strong></span> <span class='ocrx_word' id='word_1_231' title='bbox 1269 2221 1381 2282; x_wconf 90' lang='lat' dir='ltr'><strong>quaque</strong></span> 
     </span>
     <span class='ocr_line' id='line_1_24' title="bbox 284 2285 1381 2365; baseline 0 -21"><span class='ocrx_word' id='word_1_232' title='bbox 284 2286 354 2358; x_wconf 91' lang='lat' dir='ltr'><strong>tibi,</strong></span> <span class='ocrx_word' id='word_1_233' title='bbox 377 2295 409 2344; x_wconf 89' lang='lat' dir='ltr'><strong>ut</strong></span> <span class='ocrx_word' id='word_1_234' title='bbox 423 2287 490 2365; x_wconf 89' lang='lat' dir='ltr'><strong>spes</strong></span> <span class='ocrx_word' id='word_1_235' title='bbox 505 2295 567 2357; x_wconf 88' lang='lat' dir='ltr'><strong>est,</strong></span> <span class='ocrx_word' id='word_1_236' title='bbox 590 2285 720 2364; x_wconf 82' lang='lat' dir='ltr'><strong>ingratos</strong></span> <span class='ocrx_word' id='word_1_237' title='bbox 742 2285 870 2358; x_wconf 73' lang='lat' dir='ltr'><strong>loturos,</strong></span> <span class='ocrx_word' id='word_1_238' title='bbox 894 2285 969 2365; x_wconf 82' lang='lat' dir='ltr'><strong>quod</strong></span> <span class='ocrx_word' id='word_1_239' title='bbox 986 2286 1022 2345; x_wconf 88' lang='lat' dir='ltr'><strong>ab</strong></span> <span class='ocrx_word' id='word_1_240' title='bbox 1038 2286 1151 2355; x_wconf 85' lang='lat' dir='ltr'><strong>homine</strong></span> <span class='ocrx_word' id='word_1_241' title='bbox 1167 2288 1208 2344; x_wconf 89' lang='lat' dir='ltr'><strong>tui</strong></span> <span class='ocrx_word' id='word_1_242' title='bbox 1223 2285 1381 2346; x_wconf 85' lang='lat' dir='ltr'><strong>observan-</strong></span> 
     </span>
     <span class='ocr_line' id='line_1_25' title="bbox 259 2367 1380 2449; baseline -0.001 -20"><span class='ocrx_word' id='word_1_243' title='bbox 259 2375 262 2380; x_wconf 86' lang='grc'><strong>’</strong></span> <span class='ocrx_word' id='word_1_244' title='bbox 282 2371 398 2430; x_wconf 84' lang='lat' dir='ltr'><strong>tissime</strong></span> <span class='ocrx_word' id='word_1_245' title='bbox 413 2367 639 2448; x_wconf 79' lang='lat' dir='ltr'><strong>proficiscentur.</strong></span> <span class='ocrx_word' id='word_1_246' title='bbox 669 2369 799 2446; x_wconf 16' lang='lat' dir='ltr'><strong>&#39;Mittam</strong></span> <span class='ocrx_word' id='word_1_247' title='bbox 819 2372 927 2449; x_wconf 82' lang='lat' dir='ltr'><strong>igitur,</strong></span> <span class='ocrx_word' id='word_1_248' title='bbox 943 2371 978 2428; x_wconf 43' lang='lat' dir='ltr'><strong>*si</strong></span> <span class='ocrx_word' id='word_1_249' title='bbox 998 2368 1080 2428; x_wconf 88' lang='lat' dir='ltr'><strong>Deus</strong></span> <span class='ocrx_word' id='word_1_250' title='bbox 1091 2367 1188 2442; x_wconf 71' lang='lat' dir='ltr'><strong>uolet,</strong></span> <span class='ocrx_word' id='word_1_251' title='bbox 1211 2382 1277 2448; x_wconf 79' lang='lat' dir='ltr'><strong>ante</strong></span> <span class='ocrx_word' id='word_1_252' title='bbox 1294 2369 1380 2428; x_wconf 89' lang='lat' dir='ltr'><strong>linem</strong></span> 
     </span>
     <span class='ocr_line' id='line_1_26' title="bbox 285 2450 1447 2513; baseline -0.001 0"><span class='ocrx_word' id='word_1_253' title='bbox 285 2453 393 2513; x_wconf 88' lang='lat' dir='ltr'><strong>mensis</strong></span> <span class='ocrx_word' id='word_1_254' title='bbox 408 2451 535 2511; x_wconf 76' lang='lat' dir='ltr'><strong>Ianuarii</strong></span> <span class='ocrx_word' id='word_1_255' title='bbox 550 2452 639 2510; x_wconf 88' lang='lat' dir='ltr'><strong>libros</strong></span> <span class='ocrx_word' id='word_1_256' title='bbox 655 2450 731 2511; x_wconf 86' lang='lat' dir='ltr'><strong>duos¹</strong></span> <span class='ocrx_word' id='word_1_257' title='bbox 743 2453 961 2513; x_wconf 85' lang='lat' dir='ltr'><strong>Rhetorioorum</strong></span> <span class='ocrx_word' id='word_1_258' title='bbox 976 2450 1146 2512; x_wconf 83' lang='lat' dir='ltr'><strong>Aristotelis</strong></span> <span class='ocrx_word' id='word_1_259' title='bbox 1165 2473 1182 2511; x_wconf 89' lang='lat' dir='ltr'><strong>a</strong></span> <span class='ocrx_word' id='word_1_260' title='bbox 1200 2471 1244 2512; x_wconf 90' lang='lat' dir='ltr'><strong>me</strong></span> <span class='ocrx_word' id='word_1_261' title='bbox 1260 2469 1381 2512; x_wconf 82' lang='lat' dir='ltr'><strong>conver-</strong></span> <span class='ocrx_word' id='word_1_262' title='bbox 1444 2485 1447 2492; x_wconf 74' lang='lat'><strong>,</strong></span> 
     </span>
     <span class='ocr_line' id='line_1_27' title="bbox 285 2530 1414 2614; baseline -0.001 -19"><span class='ocrx_word' id='word_1_263' title='bbox 285 2555 335 2595; x_wconf 86' lang='lat' dir='ltr'><strong>sos</strong></span> <span class='ocrx_word' id='word_1_264' title='bbox 348 2530 514 2612; x_wconf 78' lang='lat' dir='ltr'><strong>ingratiam</strong></span> <span class='ocrx_word' id='word_1_265' title='bbox 528 2535 639 2613; x_wconf 87' lang='lat' dir='ltr'><strong>piorum</strong></span> <span class='ocrx_word' id='word_1_266' title='bbox 659 2535 843 2614; x_wconf 79' lang='lat' dir='ltr'><strong>quorumdam</strong></span> <span class='ocrx_word' id='word_1_267' title='bbox 864 2546 895 2597; x_wconf 91' lang='lat' dir='ltr'><strong>et</strong></span> <span class='ocrx_word' id='word_1_268' title='bbox 912 2535 1087 2596; x_wconf 79' lang='lat' dir='ltr'><strong>cruditorum</strong></span> <span class='ocrx_word' id='word_1_269' title='bbox 1103 2531 1246 2596; x_wconf 84' lang='lat' dir='ltr'><strong>bominum</strong></span> <span class='ocrx_word' id='word_1_270' title='bbox 1262 2555 1280 2594; x_wconf 92' lang='lat' dir='ltr'><strong>c</strong></span> <span class='ocrx_word' id='word_1_271' title='bbox 1295 2534 1381 2595; x_wconf 82' lang='lat' dir='ltr'><strong>soda-</strong></span> <span class='ocrx_word' id='word_1_272' title='bbox 1410 2572 1414 2577; x_wconf 90' lang='lat'>·</span> 
     </span>
     <span class='ocr_line' id='line_1_28' title="bbox 285 2615 1378 2700; baseline -0.002 -22"><span class='ocrx_word' id='word_1_273' title='bbox 285 2618 366 2678; x_wconf 89' lang='lat' dir='ltr'><strong>litate</strong></span> <span class='ocrx_word' id='word_1_274' title='bbox 379 2615 509 2698; x_wconf 64' lang='lat' dir='ltr'><strong>lesn,*)</strong></span> <span class='ocrx_word' id='word_1_275' title='bbox 531 2618 579 2695; x_wconf 89' lang='lat' dir='ltr'><strong>qui</strong></span> <span class='ocrx_word' id='word_1_276' title='bbox 593 2617 849 2696; x_wconf 82' lang='lat' dir='ltr'><strong>pro&#39;auetoritate,</strong></span> <span class='ocrx_word' id='word_1_277' title='bbox 872 2637 926 2699; x_wconf 89' lang='lat' dir='ltr'><strong>qua</strong></span> <span class='ocrx_word' id='word_1_278' title='bbox 943 2619 1093 2700; x_wconf 88' lang='lat' dir='ltr'><strong>plurimum</strong></span> <span class='ocrx_word' id='word_1_279' title='bbox 1112 2617 1186 2700; x_wconf 84' lang='lat' dir='ltr'><strong>apud</strong></span> <span class='ocrx_word' id='word_1_280' title='bbox 1203 2637 1249 2678; x_wconf 90' lang='lat' dir='ltr'><strong>me</strong></span> <span class='ocrx_word' id='word_1_281' title='bbox 1269 2620 1378 2690; x_wconf 86' lang='lat' dir='ltr'><strong>valent,</strong></span> 
     </span>
     <span class='ocr_line' id='line_1_29' title="bbox 285 2697 1378 2782; baseline -0.002 -20"><span class='ocrx_word' id='word_1_282' title='bbox 285 2711 407 2780; x_wconf 79' lang='lat' dir='ltr'><strong>egerunt</strong></span> <span class='ocrx_word' id='word_1_283' title='bbox 426 2719 546 2772; x_wconf 88' lang='lat' dir='ltr'><strong>meeum,</strong></span> <span class='ocrx_word' id='word_1_284' title='bbox 569 2711 601 2759; x_wconf 91' lang='lat' dir='ltr'><strong>ut</strong></span> <span class='ocrx_word' id='word_1_285' title='bbox 621 2700 651 2760; x_wconf 86' lang='lat' dir='ltr'><strong>id</strong></span> <span class='ocrx_word' id='word_1_286' title='bbox 669 2721 770 2762; x_wconf 88' lang='lat' dir='ltr'><strong>munus</strong></span> <span class='ocrx_word' id='word_1_287' title='bbox 788 2703 983 2782; x_wconf 80' lang='lat' dir='ltr'><strong>susciperem,</strong></span> <span class='ocrx_word' id='word_1_288' title='bbox 1006 2702 1080 2782; x_wconf 88' lang='lat' dir='ltr'><strong>quod</strong></span> <span class='ocrx_word' id='word_1_289' title='bbox 1100 2697 1378 2782; x_wconf 77' lang='lat' dir='ltr'><strong>interpretationem,</strong></span> 
     </span>
     <span class='ocr_line' id='line_1_30' title="bbox 285 2783 1380 2866; baseline -0.001 -22"><span class='ocrx_word' id='word_1_290' title='bbox 285 2804 340 2864; x_wconf 89' lang='lat' dir='ltr'><strong>qua</strong></span> <span class='ocrx_word' id='word_1_291' title='bbox 350 2785 379 2843; x_wconf 89' lang='lat' dir='ltr'><strong>in</strong></span> <span class='ocrx_word' id='word_1_292' title='bbox 395 2783 502 2843; x_wconf 85' lang='lat' dir='ltr'><strong>sobolis</strong></span> <span class='ocrx_word' id='word_1_293' title='bbox 517 2785 579 2842; x_wconf 91' lang='lat' dir='ltr'><strong>suis</strong></span> <span class='ocrx_word' id='word_1_294' title='bbox 595 2793 755 2859; x_wconf 86' lang='lat' dir='ltr'><strong>uterentur,</strong></span> <span class='ocrx_word' id='word_1_295' title='bbox 777 2787 907 2866; x_wconf 88' lang='lat' dir='ltr'><strong>reperire</strong></span> <span class='ocrx_word' id='word_1_296' title='bbox 922 2807 954 2846; x_wconf 87' lang='lat' dir='ltr'><strong>se</strong></span> <span class='ocrx_word' id='word_1_297' title='bbox 968 2786 1054 2846; x_wconf 90' lang='lat' dir='ltr'><strong>ullam</strong></span> <span class='ocrx_word' id='word_1_298' title='bbox 1070 2783 1219 2864; x_wconf 83' lang='lat' dir='ltr'><strong>negarent.</strong></span> <span class='ocrx_word' id='word_1_299' title='bbox 1244 2785 1310 2844; x_wconf 87' lang='lat' dir='ltr'><strong>Hoc</strong></span> <span class='ocrx_word' id='word_1_300' title='bbox 1325 2787 1380 2864; x_wconf 82' lang='lat' dir='ltr'><strong>igi-</strong></span> 
     </span>
     <span class='ocr_line' id='line_1_31' title="bbox 284 2865 1382 2957; baseline 0 -29"><span class='ocrx_word' id='word_1_301' title='bbox 284 2877 331 2928; x_wconf 88' lang='lat' dir='ltr'><strong>tur</strong></span> <span class='ocrx_word' id='word_1_302' title='bbox 348 2865 479 2947; x_wconf 89' lang='lat' dir='ltr'><strong>primum.</strong></span> <span class='ocrx_word' id='word_1_303' title='bbox 523 2867 679 2957; x_wconf 71' lang='lat' dir='ltr'><strong>Sulplinem</strong></span> <span class='ocrx_word' id='word_1_304' title='bbox 692 2881 785 2929; x_wconf 88' lang='lat' dir='ltr'><strong>autem</strong></span> <span class='ocrx_word' id='word_1_305' title='bbox 801 2869 907 2930; x_wconf 86' lang='lat' dir='ltr'><strong>mensis</strong></span> <span class='ocrx_word' id='word_1_306' title='bbox 920 2869 1031 2950; x_wconf 85' lang='lat' dir='ltr'><strong>Aprilis</strong></span> <span class='ocrx_word' id='word_1_307' title='bbox 1048 2876 1132 2948; x_wconf 88' lang='lat' dir='ltr'><strong>spc&#39;ro</strong></span> <span class='ocrx_word' id='word_1_308' title='bbox 1148 2870 1211 2929; x_wconf 85' lang='lat' dir='ltr'><strong>lore</strong></span> <span class='ocrx_word' id='word_1_309' title='bbox 1224 2879 1256 2928; x_wconf 89' lang='lat' dir='ltr'><strong>ut</strong></span> <span class='ocrx_word' id='word_1_310' title='bbox 1271 2871 1382 2928; x_wconf 81' lang='lat' dir='ltr'><strong>mittam</strong></span> 
     </span>
     <span class='ocr_line' id='line_1_32' title="bbox 283 2950 1416 3032; baseline 0.005 -22"><span class='ocrx_word' id='word_1_311' title='bbox 283 2971 371 3032; x_wconf 88' lang='lat' dir='ltr'><strong>opera</strong></span> <span class='ocrx_word' id='word_1_312' title='bbox 385 2951 492 3024; x_wconf 85' lang='lat' dir='ltr'><strong>omnia,</strong></span> <span class='ocrx_word' id='word_1_313' title='bbox 512 2969 586 3029; x_wconf 88' lang='lat' dir='ltr'><strong>quae</strong></span> <span class='ocrx_word' id='word_1_314' title='bbox 600 2951 713 3030; x_wconf 84' lang='lat' dir='ltr'><strong>quidem</strong></span> <span class='ocrx_word' id='word_1_315' title='bbox 731 2963 840 3025; x_wconf 73' lang='lat' dir='ltr'><strong>camut,</strong></span> <span class='ocrx_word' id='word_1_316' title='bbox 864 2950 1013 3025; x_wconf 65' lang='lat' dir='ltr'><strong>Senecae,</strong></span> <span class='ocrx_word' id='word_1_317' title='bbox 1026 2951 1174 3012; x_wconf 82' lang='lat' dir='ltr'><strong>enreudata</strong></span> <span class='ocrx_word' id='word_1_318' title='bbox 1197 2972 1215 3013; x_wconf 91' lang='lat' dir='ltr'><strong>a</strong></span> <span class='ocrx_word' id='word_1_319' title='bbox 1234 2971 1279 3011; x_wconf 89' lang='lat' dir='ltr'><strong>me</strong></span> <span class='ocrx_word' id='word_1_320' title='bbox 1296 2954 1381 3011; x_wconf 89' lang='lat' dir='ltr'><strong>innu-</strong></span> <span class='ocrx_word' id='word_1_321' title='bbox 1413 3008 1416 3016; x_wconf 79' lang='grc'>,</span> 
     </span>
     <span class='ocr_line' id='line_1_33' title="bbox 284 3033 1380 3115; baseline 0 -21"><span class='ocrx_word' id='word_1_322' title='bbox 284 3034 468 3094; x_wconf 74' lang='lat' dir='ltr'><strong>motabilibus</strong></span> <span class='ocrx_word' id='word_1_323' title='bbox 485 3035 569 3106; x_wconf 88' lang='lat' dir='ltr'><strong>loeis,</strong></span> <span class='ocrx_word' id='word_1_324' title='bbox 593 3033 697 3094; x_wconf 84' lang='lat' dir='ltr'><strong>additis</strong></span> <span class='ocrx_word' id='word_1_325' title='bbox 713 3038 799 3096; x_wconf 89' lang='lat' dir='ltr'><strong>etiam</strong></span> <span class='ocrx_word' id='word_1_326' title='bbox 817 3038 893 3096; x_wconf 88' lang='lat' dir='ltr'><strong>notis</strong></span> <span class='ocrx_word' id='word_1_327' title='bbox 909 3035 1077 3115; x_wconf 83' lang='lat' dir='ltr'><strong>quibusdam</strong></span> <span class='ocrx_word' id='word_1_328' title='bbox 1090 3037 1172 3095; x_wconf 88' lang='lat' dir='ltr'><strong>meis.</strong></span> <span class='ocrx_word' id='word_1_329' title='bbox 1217 3034 1293 3094; x_wconf 85' lang='lat' dir='ltr'><strong>Eum</strong></span> <span class='ocrx_word' id='word_1_330' title='bbox 1310 3055 1380 3096; x_wconf 89' lang='lat' dir='ltr'><strong>vcro</strong></span> 
     </span>
     <span class='ocr_line' id='line_1_34' title="bbox 283 3115 1383 3199; baseline 0.001 -23"><span class='ocrx_word' id='word_1_331' title='bbox 283 3117 386 3178; x_wconf 88' lang='lat' dir='ltr'><strong>librom</strong></span> <span class='ocrx_word' id='word_1_332' title='bbox 403 3135 488 3198; x_wconf 87' lang='lat' dir='ltr'><strong>spero</strong></span> <span class='ocrx_word' id='word_1_333' title='bbox 506 3127 536 3176; x_wconf 87' lang='lat' dir='ltr'><strong>et</strong></span> <span class='ocrx_word' id='word_1_334' title='bbox 557 3115 610 3177; x_wconf 86' lang='lat' dir='ltr'><strong>tibi</strong></span> <span class='ocrx_word' id='word_1_335' title='bbox 626 3128 657 3177; x_wconf 90' lang='lat' dir='ltr'><strong>et</strong></span> <span class='ocrx_word' id='word_1_336' title='bbox 672 3137 777 3198; x_wconf 81' lang='lat' dir='ltr'><strong>magno</strong></span> <span class='ocrx_word' id='word_1_337' title='bbox 789 3118 971 3180; x_wconf 88' lang='lat' dir='ltr'><strong>Cancellario</strong></span> <span class='ocrx_word' id='word_1_338' title='bbox 992 3130 1022 3179; x_wconf 93' lang='lat' dir='ltr'><strong>et</strong></span> <span class='ocrx_word' id='word_1_339' title='bbox 1036 3139 1106 3180; x_wconf 90' lang='lat' dir='ltr'><strong>vero</strong></span> <span class='ocrx_word' id='word_1_340' title='bbox 1119 3119 1175 3199; x_wconf 91' lang='lat' dir='ltr'><strong>ipsi</strong></span> <span class='ocrx_word' id='word_1_341' title='bbox 1190 3119 1383 3178; x_wconf 88' lang='lat' dir='ltr'><strong>serenissimo</strong></span> 
     </span>
     <span class='ocr_line' id='line_1_35' title="bbox 273 3197 1381 3285; baseline 0.002 -25"><span class='ocrx_word' id='word_1_342' title='bbox 273 3199 360 3285; x_wconf 79' lang='lat' dir='ltr'><strong>¹Regi</strong></span> <span class='ocrx_word' id='word_1_343' title='bbox 380 3221 414 3261; x_wconf 89' lang='lat' dir='ltr'><strong>ac</strong></span> <span class='ocrx_word' id='word_1_344' title='bbox 432 3197 556 3260; x_wconf 88' lang='lat' dir='ltr'><strong>Domino</strong></span> <span class='ocrx_word' id='word_1_345' title='bbox 573 3219 637 3259; x_wconf 89' lang='lat' dir='ltr'><strong>meo</strong></span> <span class='ocrx_word' id='word_1_346' title='bbox 654 3199 770 3280; x_wconf 76' lang='lat' dir='ltr'><strong>(lignum</strong></span> <span class='ocrx_word' id='word_1_347' title='bbox 788 3203 880 3263; x_wconf 87' lang='lat' dir='ltr'><strong>visum</strong></span> <span class='ocrx_word' id='word_1_348' title='bbox 898 3203 947 3274; x_wconf 89' lang='lat' dir='ltr'><strong>iri,</strong></span> <span class='ocrx_word' id='word_1_349' title='bbox 970 3204 1000 3261; x_wconf 92' lang='lat' dir='ltr'><strong>iu</strong></span> <span class='ocrx_word' id='word_1_350' title='bbox 1017 3223 1072 3281; x_wconf 90' lang='lat' dir='ltr'><strong>qno</strong></span> <span class='ocrx_word' id='word_1_351' title='bbox 1088 3202 1225 3262; x_wconf 83' lang='lat' dir='ltr'><strong>subsicivi</strong></span> <span class='ocrx_word' id='word_1_352' title='bbox 1240 3203 1381 3284; x_wconf 86' lang='lat' dir='ltr'><strong>temporis</strong></span> 
     </span>
     <span class='ocr_line' id='line_1_36' title="bbox 239 3282 1380 3362; baseline 0.003 -20"><span class='ocrx_word' id='word_1_353' title='bbox 239 3321 242 3329; x_wconf 88' lang='lat'><em>-</em></span> <span class='ocrx_word' id='word_1_354' title='bbox 283 3282 389 3362; x_wconf 84' lang='lat' dir='ltr'><strong>aliquid</strong></span> <span class='ocrx_word' id='word_1_355' title='bbox 403 3283 567 3343; x_wconf 89' lang='lat' dir='ltr'><strong>collocetur.</strong></span> <span class='ocrx_word' id='word_1_356' title='bbox 614 3283 699 3358; x_wconf 78' lang='lat' dir='ltr'><strong>Quod</strong></span> <span class='ocrx_word' id='word_1_357' title='bbox 720 3287 746 3344; x_wconf 91' lang='lat' dir='ltr'><strong>si</strong></span> <span class='ocrx_word' id='word_1_358' title='bbox 768 3297 798 3346; x_wconf 89' lang='lat' dir='ltr'><strong>tn</strong></span> <span class='ocrx_word' id='word_1_359' title='bbox 813 3286 881 3344; x_wconf 90' lang='lat' dir='ltr'><strong>mihi</strong></span> <span class='ocrx_word' id='word_1_360' title='bbox 898 3287 1007 3345; x_wconf 88' lang='lat' dir='ltr'><strong>animos</strong></span> <span class='ocrx_word' id='word_1_361' title='bbox 1024 3287 1132 3358; x_wconf 83' lang='lat' dir='ltr'><strong>facies,</strong></span> <span class='ocrx_word' id='word_1_362' title='bbox 1155 3285 1257 3345; x_wconf 82' lang='lat' dir='ltr'><strong>laxabo</strong></span> <span class='ocrx_word' id='word_1_363' title='bbox 1272 3284 1380 3345; x_wconf 88' lang='lat' dir='ltr'><strong>lortas·</strong></span> 
     </span>
     <span class='ocr_line' id='line_1_37' title="bbox 283 3366 1380 3449; baseline 0 -23"><span class='ocrx_word' id='word_1_364' title='bbox 283 3367 325 3426; x_wconf 90' lang='lat' dir='ltr'><strong>sis</strong></span> <span class='ocrx_word' id='word_1_365' title='bbox 338 3367 435 3426; x_wconf 85' lang='lat' dir='ltr'><strong>frenos</strong></span> <span class='ocrx_word' id='word_1_366' title='bbox 449 3368 540 3426; x_wconf 89' lang='lat' dir='ltr'><strong>veteri</strong></span> <span class='ocrx_word' id='word_1_367' title='bbox 553 3366 662 3427; x_wconf 85' lang='lat' dir='ltr'><strong>cuidam</strong></span> <span class='ocrx_word' id='word_1_368' title='bbox 676 3368 823 3429; x_wconf 83' lang='lat' dir='ltr'><strong>ambitioni</strong></span> <span class='ocrx_word' id='word_1_369' title='bbox 837 3389 929 3442; x_wconf 87' lang='lat' dir='ltr'><strong>meae,</strong></span> <span class='ocrx_word' id='word_1_370' title='bbox 952 3389 1034 3448; x_wconf 88' lang='lat' dir='ltr'><strong>quam</strong></span> <span class='ocrx_word' id='word_1_371' title='bbox 1048 3369 1204 3448; x_wconf 89' lang='lat' dir='ltr'><strong>usquehuc</strong></span> <span class='ocrx_word' id='word_1_372' title='bbox 1218 3370 1380 3449; x_wconf 88' lang='lat' dir='ltr'><strong>compressi</strong></span> 
     </span>
     <span class='ocr_line' id='line_1_38' title="bbox 283 3449 1377 3532; baseline 0.003 -24"><span class='ocrx_word' id='word_1_373' title='bbox 283 3469 317 3508; x_wconf 88' lang='lat' dir='ltr'><strong>ac</strong></span> <span class='ocrx_word' id='word_1_374' title='bbox 337 3450 483 3522; x_wconf 88' lang='lat' dir='ltr'><strong>continui,</strong></span> <span class='ocrx_word' id='word_1_375' title='bbox 507 3462 536 3510; x_wconf 91' lang='lat' dir='ltr'><strong>et</strong></span> <span class='ocrx_word' id='word_1_376' title='bbox 553 3449 684 3524; x_wconf 89' lang='lat' dir='ltr'><strong>tentabo,</strong></span> <span class='ocrx_word' id='word_1_377' title='bbox 707 3453 733 3512; x_wconf 88' lang='lat' dir='ltr'><strong>si</strong></span> <span class='ocrx_word' id='word_1_378' title='bbox 755 3451 822 3532; x_wconf 83' lang='lat' dir='ltr'><strong>quid</strong></span> <span class='ocrx_word' id='word_1_379' title='bbox 840 3455 1035 3514; x_wconf 86' lang='lat' dir='ltr'><strong>transmittere</strong></span> <span class='ocrx_word' id='word_1_380' title='bbox 1056 3452 1091 3511; x_wconf 84' lang='lat' dir='ltr'><strong>ad</strong></span> <span class='ocrx_word' id='word_1_381' title='bbox 1107 3463 1238 3530; x_wconf 91' lang='lat' dir='ltr'><strong>posteros</strong></span> <span class='ocrx_word' id='word_1_382' title='bbox 1255 3454 1377 3531; x_wconf 89' lang='lat' dir='ltr'><strong>possim,</strong></span> 
     </span>
     <span class='ocr_line' id='line_1_39' title="bbox 282 3531 1379 3613; baseline 0.005 -23"><span class='ocrx_word' id='word_1_383' title='bbox 282 3531 356 3611; x_wconf 90' lang='lat' dir='ltr'><strong>quod</strong></span> <span class='ocrx_word' id='word_1_384' title='bbox 371 3553 416 3594; x_wconf 91' lang='lat' dir='ltr'><strong>me</strong></span> <span class='ocrx_word' id='word_1_385' title='bbox 430 3533 511 3595; x_wconf 86' lang='lat' dir='ltr'><strong>vobis</strong></span> <span class='ocrx_word' id='word_1_386' title='bbox 528 3554 638 3613; x_wconf 88' lang='lat' dir='ltr'><strong>quoque</strong></span> <span class='ocrx_word' id='word_1_387' title='bbox 655 3554 751 3595; x_wconf 89' lang='lat' dir='ltr'><strong>earum</strong></span> <span class='ocrx_word' id='word_1_388' title='bbox 766 3537 876 3596; x_wconf 78' lang='lat' dir='ltr'><strong>vixisse</strong></span> <span class='ocrx_word' id='word_1_389' title='bbox 891 3547 1022 3596; x_wconf 88' lang='lat' dir='ltr'><strong>testetur.</strong></span> <span class='ocrx_word' id='word_1_390' title='bbox 1058 3535 1142 3596; x_wconf 85' lang='lat' dir='ltr'><strong>Nibil</strong></span> <span class='ocrx_word' id='word_1_391' title='bbox 1160 3546 1254 3595; x_wconf 89' lang='lat' dir='ltr'><strong>tamen</strong></span> <span class='ocrx_word' id='word_1_392' title='bbox 1268 3546 1379 3596; x_wconf 88' lang='lat' dir='ltr'><strong>temere</strong></span> 
     </span>
     <span class='ocr_line' id='line_1_40' title="bbox 172 3617 1379 3698; baseline 0.002 -24"><span class='ocrx_word' id='word_1_393' title='bbox 172 3635 177 3639; x_wconf 89' lang='lat'>·</span> <span class='ocrx_word' id='word_1_394' title='bbox 283 3617 447 3694; x_wconf 83' lang='lat' dir='ltr'><strong>suscipiam,</strong></span> <span class='ocrx_word' id='word_1_395' title='bbox 469 3636 560 3695; x_wconf 86' lang='lat' dir='ltr'><strong>neque</strong></span> <span class='ocrx_word' id='word_1_396' title='bbox 576 3618 726 3698; x_wconf 84' lang='lat' dir='ltr'><strong>quidquam</strong></span> <span class='ocrx_word' id='word_1_397' title='bbox 740 3620 798 3680; x_wconf 85' lang='lat' dir='ltr'><strong>tale</strong></span> <span class='ocrx_word' id='word_1_398' title='bbox 811 3619 937 3692; x_wconf 86' lang='lat' dir='ltr'><strong>tentabo,</strong></span> <span class='ocrx_word' id='word_1_399' title='bbox 960 3619 1018 3679; x_wconf 92' lang='lat' dir='ltr'><strong>nisi</strong></span> <span class='ocrx_word' id='word_1_400' title='bbox 1037 3629 1068 3679; x_wconf 91' lang='lat' dir='ltr'><strong>tu</strong></span> <span class='ocrx_word' id='word_1_401' title='bbox 1084 3639 1129 3678; x_wconf 90' lang='lat' dir='ltr'><strong>me</strong></span> <span class='ocrx_word' id='word_1_402' title='bbox 1144 3619 1224 3698; x_wconf 88' lang='lat' dir='ltr'><strong>prius</strong></span> <span class='ocrx_word' id='word_1_403' title='bbox 1239 3639 1379 3697; x_wconf 84' lang='lat' dir='ltr'><strong>arrogan-</strong></span> 
     </span>
     <span class='ocr_line' id='line_1_41' title="bbox 181 3697 1379 3786; baseline 0.005 -30"><span class='ocrx_word' id='word_1_404' title='bbox 181 3697 186 3704; x_wconf 83' lang='lat'>&#39;</span> <span class='ocrx_word' id='word_1_405' title='bbox 280 3699 338 3759; x_wconf 89' lang='lat' dir='ltr'><strong>tiae</strong></span> <span class='ocrx_word' id='word_1_406' title='bbox 354 3711 430 3760; x_wconf 90' lang='lat' dir='ltr'><strong>metu</strong></span> <span class='ocrx_word' id='word_1_407' title='bbox 446 3701 589 3764; x_wconf 85' lang='lat' dir='ltr'><strong>liberaris.</strong></span> <span class='ocrx_word' id='word_1_408' title='bbox 635 3703 750 3764; x_wconf 87' lang='lat' dir='ltr'><strong>Interea</strong></span> <span class='ocrx_word' id='word_1_409' title='bbox 764 3713 830 3786; x_wconf 85' lang='lat' dir='ltr'><strong>peto</strong></span> <span class='ocrx_word' id='word_1_410' title='bbox 848 3724 865 3764; x_wconf 89' lang='lat' dir='ltr'><strong>a</strong></span> <span class='ocrx_word' id='word_1_411' title='bbox 885 3715 924 3775; x_wconf 87' lang='lat' dir='ltr'><strong>te,</strong></span> <span class='ocrx_word' id='word_1_412' title='bbox 942 3712 1048 3781; x_wconf 80' lang='lat' dir='ltr'><strong>quanta</strong></span> <span class='ocrx_word' id='word_1_413' title='bbox 1062 3703 1183 3766; x_wconf 82' lang='lat' dir='ltr'><strong>maxima</strong></span> <span class='ocrx_word' id='word_1_414' title='bbox 1195 3705 1379 3762; x_wconf 90' lang='lat' dir='ltr'><strong>contentione</strong></span> 
     </span>
     <span class='ocr_line' id='line_1_42' title="bbox 280 3781 1375 3868; baseline 0.003 -27"><span class='ocrx_word' id='word_1_415' title='bbox 280 3802 412 3860; x_wconf 87' lang='lat' dir='ltr'><strong>possum,</strong></span> <span class='ocrx_word' id='word_1_416' title='bbox 436 3785 567 3862; x_wconf 88' lang='lat' dir='ltr'><strong>primum,</strong></span> <span class='ocrx_word' id='word_1_417' title='bbox 590 3797 621 3844; x_wconf 88' lang='lat' dir='ltr'><strong>ut</strong></span> <span class='ocrx_word' id='word_1_418' title='bbox 640 3805 685 3868; x_wconf 80' lang='lat' dir='ltr'><strong>me</strong></span> <span class='ocrx_word' id='word_1_419' title='bbox 709 3805 799 3858; x_wconf 88' lang='lat' dir='ltr'><strong>ames,</strong></span> <span class='ocrx_word' id='word_1_420' title='bbox 824 3781 927 3846; x_wconf 82' lang='lat' dir='ltr'><strong>deinde</strong></span> <span class='ocrx_word' id='word_1_421' title='bbox 949 3797 980 3844; x_wconf 92' lang='lat' dir='ltr'><strong>ut</strong></span> <span class='ocrx_word' id='word_1_422' title='bbox 998 3795 1056 3844; x_wconf 91' lang='lat' dir='ltr'><strong>tum</strong></span> <span class='ocrx_word' id='word_1_423' title='bbox 1073 3783 1253 3846; x_wconf 81' lang='lat' dir='ltr'><strong>serenissimi</strong></span> <span class='ocrx_word' id='word_1_424' title='bbox 1268 3785 1375 3864; x_wconf 84' lang='lat' dir='ltr'><strong>Regis,</strong></span> 
     </span>
     <span class='ocr_line' id='line_1_43' title="bbox 280 3865 1379 3950; baseline 0.003 -27"><span class='ocrx_word' id='word_1_425' title='bbox 280 3874 338 3926; x_wconf 89' lang='lat' dir='ltr'><strong>tum</strong></span> <span class='ocrx_word' id='word_1_426' title='bbox 356 3867 448 3926; x_wconf 87' lang='lat' dir='ltr'><strong>affinis</strong></span> <span class='ocrx_word' id='word_1_427' title='bbox 462 3867 515 3939; x_wconf 91' lang='lat' dir='ltr'><strong>tui,</strong></span> <span class='ocrx_word' id='word_1_428' title='bbox 531 3868 587 3927; x_wconf 91' lang='lat' dir='ltr'><strong>viri</strong></span> <span class='ocrx_word' id='word_1_429' title='bbox 603 3870 678 3930; x_wconf 88' lang='lat' dir='ltr'><strong>omni</strong></span> <span class='ocrx_word' id='word_1_430' title='bbox 692 3868 776 3929; x_wconf 83' lang='lat' dir='ltr'><strong>laude</strong></span> <span class='ocrx_word' id='word_1_431' title='bbox 784 3870 972 3950; x_wconf 87' lang='lat' dir='ltr'><strong>praestantis,</strong></span> <span class='ocrx_word' id='word_1_432' title='bbox 984 3865 1188 3943; x_wconf 63' lang='lat' dir='ltr'><strong>Sanosciitt)</strong></span> <span class='ocrx_word' id='word_1_433' title='bbox 1202 3865 1379 3929; x_wconf 84' lang='lat' dir='ltr'><strong>benevolen-</strong></span> 
     </span>
     <span class='ocr_line' id='line_1_44' title="bbox 190 3949 1375 4016; baseline 0.003 -9"><span class='ocrx_word' id='word_1_434' title='bbox 190 3982 193 3990; x_wconf 77' lang='lat'><strong>,</strong></span> <span class='ocrx_word' id='word_1_435' title='bbox 279 3949 347 4008; x_wconf 88' lang='lat' dir='ltr'><strong>tiam</strong></span> <span class='ocrx_word' id='word_1_436' title='bbox 364 3949 432 4010; x_wconf 85' lang='lat' dir='ltr'><strong>mibi</strong></span> <span class='ocrx_word' id='word_1_437' title='bbox 451 3952 528 4010; x_wconf 86' lang='lat' dir='ltr'><strong>omni</strong></span> <span class='ocrx_word' id='word_1_438' title='bbox 543 3952 655 4013; x_wconf 84' lang='lat' dir='ltr'><strong>ratione</strong></span> <span class='ocrx_word' id='word_1_439' title='bbox 670 3971 835 4016; x_wconf 86' lang='lat' dir='ltr'><strong>conserves.</strong></span> <span class='ocrx_word' id='word_1_440' title='bbox 879 3951 966 4016; x_wconf 88' lang='lat' dir='ltr'><strong>Vale.</strong></span> <span class='ocrx_word' id='word_1_441' title='bbox 1009 3951 1131 4014; x_wconf 83' lang='lat' dir='ltr'><strong>Romae.</strong></span> <span class='ocrx_word' id='word_1_442' title='bbox 1149 3952 1207 4014; x_wconf 91' lang='lat' dir='ltr'><strong>IV.</strong></span> <span class='ocrx_word' id='word_1_443' title='bbox 1224 3951 1291 4012; x_wconf 77' lang='lat' dir='ltr'><strong>Kal.</strong></span> <span class='ocrx_word' id='word_1_444' title='bbox 1311 3953 1375 4014; x_wconf 89' lang='lat' dir='ltr'><strong>lan.</strong></span> 
     </span>
    </p>
   </div>
   <div class='ocr_carea' id='block_1_3' title="bbox 191 4029 520 4127">
    <p class='ocr_par' dir='ltr' id='par_1_3' title="bbox 191 4029 520 4127">
     <span class='ocr_line' id='line_1_45' title="bbox 191 4029 520 4127; baseline 0.006 -35"><span class='ocrx_word' id='word_1_445' title='bbox 191 4047 204 4127; x_wconf 75' lang='lat' dir='ltr'><strong><em>j</em></strong></span> <span class='ocrx_word' id='word_1_446' title='bbox 278 4029 520 4098; x_wconf 78' lang='lat' dir='ltr'><strong>monxxmv.</strong></span> 
     </span>
    </p>
   </div>
   <div class='ocr_carea' id='block_1_4' title="bbox 103 4189 1479 4446">
    <p class='ocr_par' dir='ltr' id='par_1_4' title="bbox 103 4189 1479 4446">
     <span class='ocr_line' id='line_1_46' title="bbox 103 4189 1479 4284; baseline -0.015 4"><span class='ocrx_word' id='word_1_447' title='bbox 103 4265 108 4273; x_wconf 94' lang='lat'>·</span> <span class='ocrx_word' id='word_1_448' title='bbox 331 4222 366 4279; x_wconf 70' lang='lat' dir='ltr'><strong>*l</strong></span> <span class='ocrx_word' id='word_1_449' title='bbox 385 4223 470 4270; x_wconf 65' lang='lat' dir='ltr'><strong>Bffltfi</strong></span> <span class='ocrx_word' id='word_1_450' title='bbox 483 4189 606 4284; x_wconf 78' lang='lat' dir='ltr'><strong>inprimis,</strong></span> <span class='ocrx_word' id='word_1_451' title='bbox 628 4223 668 4272; x_wconf 86' lang='lat' dir='ltr'><strong>eut</strong></span> <span class='ocrx_word' id='word_1_452' title='bbox 682 4225 708 4272; x_wconf 83' lang='lat' dir='ltr'><strong>et</strong></span> <span class='ocrx_word' id='word_1_453' title='bbox 722 4223 851 4272; x_wconf 79' lang='lat' dir='ltr'><strong>dedicavit.</strong></span> <span class='ocrx_word' id='word_1_454' title='bbox 879 4222 933 4271; x_wconf 79' lang='lat' dir='ltr'><strong>mo.</strong></span> <span class='ocrx_word' id='word_1_455' title='bbox 947 4222 989 4271; x_wconf 81' lang='lat' dir='ltr'><strong>uo.</strong></span> <span class='ocrx_word' id='word_1_456' title='bbox 1005 4226 1024 4270; x_wconf 82' lang='lat' dir='ltr'><strong>t.</strong></span> <span class='ocrx_word' id='word_1_457' title='bbox 1045 4223 1116 4282; x_wconf 83' lang='lat' dir='ltr'><strong>optet.</strong></span> <span class='ocrx_word' id='word_1_458' title='bbox 1130 4224 1169 4277; x_wconf 73' lang='grc'><strong>98.</strong></span> <span class='ocrx_word' id='word_1_459' title='bbox 1191 4225 1275 4284; x_wconf 64' lang='lat' dir='ltr'><strong>(vom</strong></span> <span class='ocrx_word' id='word_1_460' title='bbox 1290 4227 1332 4274; x_wconf 87' lang='lat' dir='ltr'><strong>m.</strong></span> <span class='ocrx_word' id='word_1_461' title='bbox 1347 4211 1403 4278; x_wconf 56' lang='lat' dir='ltr'><strong>lt*¹</strong></span> <span class='ocrx_word' id='word_1_462' title='bbox 1478 4239 1479 4274; x_wconf 66' lang='grc' dir='ltr'><strong>ι</strong></span> 
     </span>
     <span class='ocr_line' id='line_1_47' title="bbox 1393 4367 1479 4406; baseline -0.035 3"><span class='ocrx_word' id='word_1_463' title='bbox 1393 4369 1401 4386; x_wconf 67' lang='lat'><em>¹</em></span> <span class='ocrx_word' id='word_1_464' title='bbox 1478 4367 1479 4406; x_wconf 82' lang='lat' dir='ltr'><strong>l</strong></span> 
     </span>
     <span class='ocr_line' id='line_1_48' title="bbox 1478 4407 1479 4446; baseline 0 0"><span class='ocrx_word' id='word_1_465' title='bbox 1478 4407 1479 4446; x_wconf 82' lang='lat' dir='ltr'><strong>l</strong></span> 
     </span>
    </p>
   </div>
   <div class='ocr_carea' id='block_1_5' title="bbox 331 4351 1124 4428">
    <p class='ocr_par' dir='ltr' id='par_1_5' title="bbox 331 4351 1124 4428">
     <span class='ocr_line' id='line_1_49' title="bbox 331 4351 1124 4428; baseline 0.01 -33"><span class='ocrx_word' id='word_1_466' title='bbox 331 4351 384 4408; x_wconf 72' lang='lat' dir='ltr'><strong>re)</strong></span> <span class='ocrx_word' id='word_1_467' title='bbox 398 4356 522 4402; x_wconf 65' lang='lat' dir='ltr'><strong>retroacti.</strong></span> <span class='ocrx_word' id='word_1_468' title='bbox 552 4353 606 4406; x_wconf 82' lang='lat' dir='ltr'><strong>viu.</strong></span> <span class='ocrx_word' id='word_1_469' title='bbox 621 4353 662 4400; x_wconf 78' lang='lat' dir='ltr'><strong>rte.</strong></span> <span class='ocrx_word' id='word_1_470' title='bbox 677 4357 695 4401; x_wconf 88' lang='lat'><strong>1.</strong></span> <span class='ocrx_word' id='word_1_471' title='bbox 711 4367 750 4413; x_wconf 80' lang='lat' dir='ltr'><strong>ep.</strong></span> <span class='ocrx_word' id='word_1_472' title='bbox 764 4353 804 4405; x_wconf 75' lang='lat' dir='ltr'><strong>et.</strong></span> <span class='ocrx_word' id='word_1_473' title='bbox 819 4354 857 4428; x_wconf 70' lang='lat'><strong>,⁷⁰¹</strong></span> <span class='ocrx_word' id='word_1_474' title='bbox 873 4359 897 4402; x_wconf 85' lang='lat' dir='ltr'><strong>et</strong></span> <span class='ocrx_word' id='word_1_475' title='bbox 911 4365 965 4415; x_wconf 77' lang='lat' dir='ltr'><strong>sqq.</strong></span> <span class='ocrx_word' id='word_1_476' title='bbox 994 4355 1040 4402; x_wconf 68' lang='lat' dir='ltr'><strong>ra.</strong></span> <span class='ocrx_word' id='word_1_477' title='bbox 1118 4361 1124 4373; x_wconf 78' lang='grc'>’</span> 
     </span>
    </p>
   </div>
   <div class='ocr_carea' id='block_1_6' title="bbox 0 0 1498 5074">
    <p class='ocr_par' dir='ltr' id='par_1_6' title="bbox 0 0 1498 5074">
     <span class='ocr_line' id='line_1_50' title="bbox 0 0 1498 5074; baseline 0 0"><span class='ocrx_word' id='word_1_478' title='bbox 0 0 1498 5074; x_wconf 95' lang='lat' dir='ltr'><strong> </strong></span> 
     </span>
    </p>
   </div>
  </div>
 </body>
</html>
