2980 5074
504 297 506 306 ’
541 304 671 370 uetes.
695 303 840 368 uxxxr.
880 351 888 366 ,
1141 287 1234 378 ”mo
1331 347 1334 354 Α
1380 299 1386 306 ·

136 474 223 536 amisi
244 470 468 553 possessionem.
513 467 554 532 Et
576 470 630 533 lroc
648 483 709 546 cst,
733 471 807 552 qnod
824 473 867 534 alt
883 473 1038 546 Scaevola,
1060 475 1165 536 furtum
1185 463 1250 539 so(
1354 533 1356 538 ,

49 578 53 584 ’
135 555 403 642 Ιίυεροεεεεεὶοείε
418 554 501 625 lieri,
524 553 562 614 L.
581 555 672 634 prima
690 555 723 638 ξ.
752 557 903 618 scaevolas
923 556 964 618 D.
991 560 1016 618 si
1040 559 1127 638 isqui
1145 572 1232 622 testa·
1246 570 1295 619 ete
1314 585 1319 597 ¹

134 651 227 702 meat.
255 639 306 702 tit.
340 648 397 699 ete.
432 633 597 714 'Quomodo
623 638 713 717 igitur
736 651 875 718 purgetur
895 641 993 702 vitium
1020 643 1068 700 ret
1085 643 1230 706 furtivae?

134 726 169 786 Si
192 723 360 784 restituatur
380 719 457 801 quod.
480 732 607 800 ereptum
629 732 690 793 est,
722 721 751 782 id
773 731 820 782 est
840 725 867 783 si
890 743 939 784 res
962 723 1062 786 redeat
1084 726 1114 784 in
1132 738 1230 805 poten·

122 809 218 879 etiarm
232 805 270 866 L.
287 814 389 884 quarte
405 803 438 886 ξ.
455 803 540 878 Quod
556 814 660 865 autem.
678 805 719 868 D.
736 804 772 865 de
788 826 886 887 usurp.
905 819 935 868 et
951 815 1068 887 ns'neup.
1111 801 1159 869 Ex
1170 812 1230 874 lroe
1313 877 1315 884 ,

132 909 246 971 qnoque
263 888 409 965 intelligas
427 888 507 959 licet,
530 898 589 948 turn
607 905 667 948 rens
683 887 839 969 possideri,
862 911 925 953 cum
943 901 989 951 est
1006 892 1038 950 in
1050 901 1203 970 potestate.

339 1034 568 1098 nnvrsro
603 991 1018 1113 possessionis.

216 1139 277 1200 lam
297 1138 404 1200 haltere
421 1139 523 1218 aliquis
540 1141 569 1200 in
584 1149 724 1219 potestate
739 1159 791 1200 suu
806 1152 975 1221 rem-potest
988 1139 1098 1201 dnobus
1115 1139 1224 1204 modist
1322 1209 1326 1217 p

133 1235 184 1286 aut
206 1225 271 1284 sine
288 1223 348 1282 ullo
370 1219 452 1282 tilulo
470 1233 519 1282 ant
537 1224 613 1283 iusto
634 1223 729 1302 aliquo
751 1223 855 1296 titulo,
868 1223 910 1284 'id
926 1235 970 1284 est
990 1225 1038 1304 qui
1060 1225 1124 1284 iure
1148 1225 1226 1286 civili
1272 1269 1278 1284 ,

132 1307 269 1390 probatus
299 1307 348 1366 sit.
400 1305 456 1366 llle
476 1305 646 1366 naturaliter
663 1307 859 1366 tantumsive
875 1308 1062 1387 corporaliter
1084 1307 1223 1388 possidet,

131 1402 163 1453 et
184 1401 217 1450 ut
237 1390 340 1462 siunt,
369 1408 422 1468 pro
444 1407 632 1468 possessore,
653 1389 692 1450 L.
717 1409 770 1469 pro
793 1389 918 1462 herede,
949 1409 1014 1450 cnm
1031 1389 1071 1451 L.
1095 1393 1224 1470 sequenti

131 1472 318 1535 etsimilibus
332 1469 374 1534 lt.
392 1471 429 1531 de
443 1471 544 1532 hered.
559 1483 618 1553 pet.
662 1473 720 1547 Qui
734 1493 797 1532 enm
811 1475 896 1533 titnle
910 1473 1056 1554 possidet,
1079 1464 1225 1550 anttitnlo
1288 1523 1294 1534 .

131 1558 235 1618 nititur
259 1557 385 1616 olineto
406 1565 436 1614 et
452 1573 540 1615 vero:
565 1565 649 1634 atque
675 1557 723 1622 lnio
744 1577 801 1618 non
820 1575 974 1636 possessor
989 1555 1072 1616 mode
1088 1568 1151 1630 est,
1171 1555 1224 1618 sed

9 1717 10 1728 ἵ
130 1640 281 1712 dominus,
303 1650 336 1698 nt
354 1638 402 1717 qui
416 1639 487 1704 cruit
501 1659 520 1698 a
535 1635 649 1698 domino
659 1649 678 1710 32
693 1649 742 1698 ant
755 1639 980 1719 insto-quidem,
999 1637 1054 1702 sed
1066 1660 1122 1701 non
1134 1659 1221 1700 veros

132 1736 164 1784 nt
194 1723 243 1802 qni
265 1718 536 1870 nonfflominofi
564 1721 705 1783 insciente
726 1723 854 1784 insciens
873 1723 959 1797 emit,
990 1720 1021 1782 id
1041 1734 1087 1784 est
1107 1742 1170 1785 cont
1195 1735 1223 1784 et
1259 1793 1261 1798 ¹
1381 1764 1385 1773 =

130 1817 243 1887 emptor
264 1825 316 1867 ven
348 1815 439 1884 torem,
453 1816 484 1864 et
498 1806 562 1886 ipse
576 1824 609 1866 se
622 1803 754 1866 venditor
765 1807 841 1866 iusto
854 1823 955 1867 errore
964 1803 1068 1868 loeus
1080 1803 1221 1868 dominum

130 1899 255 1973 pnturet.
298 1871 395 1967 aque
415 1889 463 1948 tic
483 1887 613 1949 dominus
635 1888 747 1968 quidem
767 1910 825 1948 non
840 1901 903 1953 ests
927 1888 1119 1972 (nequeenim
1135 1891 1225 1968 potnit
1336 1935 1338 1944 ,

130 1970 571 2034 anondeminodeminnslieri
585 1970 624 2031 L.
652 1971 747 2032 Nemo
759 1973 821 2052 plus
837 1971 1098 2052 iuris,‘deregnlis
1115 1970 1222 2054 inrisu)
1254 2045 1261 2056 ³
1327 2049 1329 2052 .

131 2055 185 2118 sed
211 2067 258 2116 est
275 2053 367 2115 bonae
390 2053 457 2116 fidei
478 2073 666 2133 possessore·
680 2067 709 2116 et
726 2056 813 2134 longa
830 2076 864 2116 ac
882 2056 1016 2116 continua
1039 2056 1223 2134 possessione

131 2139 263 2200 dominns
285 2136 322 2198 de
342 2138 407 2216 lege
426 2137 499 2196 effici
517 2147 629 2216 potest,
651 2139 774 2198 toletit.
789 2137 941 2218 densnrp.
958 2148 988 2198 et
1003 2158 1120 2217 usucap.
1164 2131 1239 2200 Hie‘

131 2223 239 2284 dicitnr
264 2241 320 2280 non
349 2219 519 2280 naturaliter
546 2217 673 2292 lentum,
712 2219 765 2280 sed
794 2223 880 2282 etiem
906 2212 1218 2300 civiliccrpossiderts

131 2305 208 2387 qnod
226 2306 317 2385 ipsius
340 2304 487 2382 possessio
508 2303 571 2364 iuro
586 2304 664 2362 civili
680 2301 825 2384 probetur.
868 2304 1024 2368 Possessio
1039 2299 1222 2382 igiturpnotu·
1314 2379 1317 2387 s
1352 2367 1355 2377 ,

130 2389 203 2451 rslis
225 2389 286 2449 sive
307 2387 463 2467 corporalis
485 2395 591 2447 tantum
612 2406 725 2466 semper
745 2387 932 2466 iniusta'ests
956 2399 984 2448 at
1004 2384 1152 2468 possessio
1172 2407 1246 2458 na·,
1349 2454 1351 2464 Ι

130 2472 250 2545 turelis,
272 2489 344 2550 quae
366 2471 460 2549 uliq‘uo
483 2470 547 2530 iure
567 2470 647 2530 civili
667 2471 786 2544 nititur,
817 2471 911 2532 civilis
931 2481 998 2544 est,
1030 2469 1060 2530 id
1077 2480 1128 2530 'est
1146 2470 1223 2530 iuste
1260 2535 1261 2540 1

130 2568 163 2618 et
182 2573 284 2635 aequa.
328 2553 386 2614 Est
406 2553 492 2618 etiam
509 2553 640 2632 reperire
659 2555 747 2614 solam
766 2553 1135 2635 possessionemeivilem,
1159 2553 1222 2616 sinc
1257 2605 1265 2620 .

130 2639 272 2701 naturalis
297 2647 328 2697 ut
346 2639 376 2697 in
395 2657 498 2708 servo,
520 2637 567 2716 qni
585 2647 632 2697 est
649 2637 679 2696 in
698 2637 777 2716 lugu.
821 2637 959 2712 Quemvis
979 2635 1054 2698 enirn
1074 2656 1138 2696 enm
1156 2647 1223 2696 tunc

131 2720 244 2804 quidem
266 2721 434 2781 naturaliter
455 2739 490 2778 ac
515 2719 702 2800 corporaliter
722 2741 778 2781 non
803 2719 1001 2800 possidemus,
1032 2719 1223 2782 civiliterta·

131 2825 197 2866 men
215 2802 407 2885 possidemus,
429 2813 507 2862 certe
526 2801 650 2882 quidem,
665 2802 797 2884 quamdin
810 2823 829 2864 a
843 2804 957 2864 nemine
974 2803 1031 2862 alio
1047 2801 1222 2882 possidetur,
1306 2834 1309 2845 =

131 2889 171 2952 L.
194 2889 270 2949 Rern
295 2906 368 2966 quoe
389 2886 472 2948 nobis
491 2883 532 2945 Ι).
556 2886 610 2946 hoe
634 2888 681 2948 tit.
713 2887 776 2948 ‘Sic
796 2897 826 2947 et
842 2884 977 2958 fundum,
1005 2887 1086 2946 cuius
1111 2885 1222 2946 alienus

132 2972 312 3033 ususfructus
338 2981 399 3043 est,
427 2970 586 3048 proprietas
606 2981 724 3043 nostra,
751 2970 920 3030 naturalitas·
941 2965 1090 3048 possidere
1111 2967 1224 3028 videtur

131 3056 307 3120 fructuarius
317 3077 330 3113 s
349 3073 412 3114 cnm
431 3062 525 3112 tamen
550 3072 613 3113 enm
637 3073 689 3128 nos
713 3050 837 3114 civiliter
855 3049 1072 3131 possideamus,
1099 3049 1141 3114 L.
1163 3047 1224 3115 Na-

95 3141 101 3150 '
132 3138 283 3209 turuliter,
305 3136 360 3198 hoc
377 3139 421 3197 tit.
465 3135 507 3196 Et
522 3133 596 3216 quod
610 3137 679 3198 alibi
695 3137 790 3196 multis
804 3136 834 3196 in
847 3136 919 3196 locis
936 3135 1126 3206 fructuarius,
1149 3151 1239 3193 corant·⁴
1271 3189 1273 3196 .

131 3221 325 3294 modatarins,
353 3219 560 3300 depositarius,
583 3222 631 3298 qni
653 3221 814 3302 precarium
834 3218 964 3298 occepit,
996 3227 1137 3296 negantur
1159 3235 1225 3294 pos.-

131 3303 248 3377 sidere,
272 3303 301 3364 id
316 3305 357 3364 ita
370 3301 584 3383 intelligendum
603 3314 665 3377 est,
687 3322 739 3364 ecs
756 3324 813 3363 non
827 3300 977 3383 possidere
993 3303 1087 3361 animo
1100 3297 1222 3378 domini:

131 3387 297 3467 idcircoque
326 3388 409 3448 talem
435 3387 646 3466 possessionem
666 3387 819 3466 quemlihet
838 3385 951 3464 longara
974 3384 1047 3443 nihil
1071 3383 1168 3445 valere
1189 3377 1225 3440 ad

131 3469 365 3552 usucapiendom.
391 3469 508 3551 .Itaque
532 3489 640 3550 genere
661 3468 781 3551 quodam
805 3479 835 3530 et
856 3466 1005 3550 possident
1027 3476 1058 3527 et
1078 3485 1134 3530 uon
1159 3483 1225 3544 pos·

133 3553 238 3617 sident.
732 3581 734 3586 ·

274 3645 525 3739 nossessro
551 3678 685 3738 strue
708 3663 837 3738 rents
860 3681 917 3736 nro
943 3675 1089 3736 rrcrr.
1247 3621 1294 3721 cn

217 3785 267 3848 Ex
285 3785 331 3848 his
355 3798 487 3850 constare
508 3787 625 3866 opinor,
649 3788 862 3866 possessionem
881 3803 947 3846 essu
967 3783 1053 3846 lacti:
1076 3776 1151 3860 quod
1169 3759 1226 3837 tam

133 3871 231 3934 multis
245 3872 275 3931 in
293 3871 357 3930 inre
373 3869 444 3930 locis
461 3869 607 3949 probatur,
623 3881 655 3929 nt
668 3889 718 3929 ees
735 3864 985 3948 annumeraredl)
1008 3866 1123 3945 pigeats
1146 3877 1227 3940 prae-

134 3955 236 4016 sertim
265 3973 329 4014 cum
354 3953 431 4014 olrvii
456 3952 634 4034 expositique
656 3951 831 4035 spnqeee).
862 3952 896 4014 ln
912 3971 967 4032 quo
983 3961 1078 4010 tumen
1092 3942 1227 4025 queedam

192 4144 226 4200 tt)
242 4142 384 4190 chemotlns
398 4141 424 4188 ln
437 4114 557 4190 ludloe'v.
573 4131 704 4201 maon,
718 4122 780 4186 tene
795 4137 946 4200 transponit,
962 4146 1040 4185 naeu
1052 4132 1153 4178 donuae.
1226 4164 1230 4172 ·

192 4216 247 4273 eu)
261 4219 396 4270 nmeees
409 4225 562 4262 emmam:
576 4225 720 4272 quamquam
734 4213 757 4259 sl
771 4215 813 4258 ttot
827 4214 950 4267 suppleas,
966 4217 1122 4256 nammwrere
1135 4203 1230 4249 delendl

136 4277 226 4330 potest.
240 4297 243 4305 ι
255 4275 292 4318 lte
307 4276 408 4328 auoque
422 4274 498 4318 verto
514 4271 563 4317 vld.
579 4273 729 4326 oudendorp.
744 4271 776 4315 ed
791 4273 889 4317 sueton.
905 4269 989 4316 oeten.
1004 4276 1056 4320 een.
1070 4264 1108 4312 ru
1120 4267 1145 4308 et
1158 4262 1230 4307 orell.

137 4331 169 4378 ed
185 4331 235 4378 cte.
250 4331 318 4378 Brut.
331 4340 385 4384 esp.
401 4329 438 4375 19.
453 4329 477 4385 s.
494 4329 532 4374 tu.
547 4335 603 4386 neq.
619 4329 674 4379 888.
689 4329 726 4374 ed.
741 4326 798 4374 tulrt
827 4329 872 4372 Fa.

195 4402 268 4459 Μ)
284 4400 320 4450 Gl.
334 4401 389 4450 edu.
404 4411 461 4460 m.
473 4403 504 4450 ll.
518 4401 574 4449 434·
603 4403 647 4448 ltu.
