2934 5070
267 257 333 332 nto
377 232 382 240 ’
692 257 938 324 auersatum

225 453 230 461 ·
268 449 333 490 mea
346 429 439 488 orunia
453 427 564 511 prolixe
578 424 681 488 detuli:
705 429 730 486 si
748 445 802 506 qua
818 447 850 488 se
866 428 928 488 cius
944 427 1094 490 adiurandi
1110 429 1213 490 offeret
1226 428 1353 498 occasio,

267 514 411 596 perficiam
434 523 465 572 ut
481 513 602 584 sentiat,
625 522 701 570 tuam
718 509 987 590 commendationem
1003 513 1058 572 sibi
1076 512 1149 594 apud
1165 531 1210 572 me
1223 532 1278 570 uon
1296 531 1356 570 me-

244 595 405 656 ‘diocriter
427 596 580 674 profuisse.
625 594 712 655 Vale.
744 594 881 674 Iosephus
898 593 1043 668 Castalio,
1067 617 1129 656 cum
1147 615 1201 676 quo
1218 593 1356 673 saepede

266 690 296 740 te
315 679 478 758 colloquor,
502 679 604 758 quique
625 675 692 736 mibi
709 687 738 735 et
755 689 870 756 propter
884 697 977 738 mores
994 681 1178 739 suavissimos
1194 690 1224 738 et
1240 687 1357 758 propter

265 763 410 840 ingenium
433 762 562 820 omnibus
586 759 746 838 disciplinis
770 761 910 820 excultum
932 764 1100 822 carissimus
1123 772 1184 832 est,
1214 773 1243 820 tc
1269 761 1355 821 etiam

266 857 350 926 etque
364 847 448 906 etiam
465 845 578 904 salutat.
625 842 744 904 Romae.
763 841 838 904 ldib.
855 842 978 923 Aprilis.
996 844 1220 920 mutuatu.

130 1163 134 1170 ,
181 1095 186 1101 -
294 1044 402 1136 'xva
445 1073 491 1136 ss.
520 1072 776 1137 duremus
802 1074 1040 1142 ussurus
1068 1032 1304 1156 rernrr'ro

533 1172 787 1234 ronnnnro
815 1173 1083 1236 snuenusr.

168 1303 170 1310 ’
266 1273 308 1372 Si
331 1303 397 1384 quid
421 1315 469 1364 tua
488 1325 591 1366 caussa
614 1308 689 1379 feci,
713 1309 750 1368 mi
770 1304 920 1388 Philipps,
943 1308 1035 1368 minus
1054 1309 1167 1366 omnino
1181 1306 1250 1376 ieci,
1273 1323 1355 1382 quam

266 1399 315 1447 aut
333 1409 387 1466 ego
402 1389 548 1468 cupiebam
566 1401 615 1450 aut
628 1401 657 1450 tu
672 1392 839 1452 nrarcbaris.
883 1393 929 1451 Tu
946 1389 1018 1470 quod
1033 1392 1100 1450 mibi
1116 1392 1161 1450 sel
1175 1388 1210 1449 de
1223 1386 1354 1446 discessu

266 1491 303 1532 ex
317 1471 434 1532 aedibus
447 1472 536 1548 Marii
553 1476 660 1552 gratias
675 1495 745 1553 agas
762 1476 807 1536 vel
824 1475 880 1534 ulla
897 1475 953 1534 alia
968 1473 1003 1534 de
1021 1493 1064 1546 re,
1076 1473 1146 1534 nibil
1161 1491 1281 1531 caussae
1297 1479 1351 1528 cst.

265 1552 332 1632 Ego
355 1566 384 1616 te
404 1575 499 1616 amare
515 1557 595 1636 coepi
611 1555 747 1618 adductus
765 1557 882 1630 iudicio,
907 1555 981 1638 quod
998 1558 1121 1616 feceram
1141 1555 1175 1615 de
1196 1553 1355 1614 eruditione

265 1635 356 1716 deque
372 1638 496 1698 moribus
513 1641 581 1700 tuis.
624 1641 726 1720 Neque
741 1652 771 1701 tu
787 1642 912 1722 opinioni
927 1639 963 1700 de
979 1651 1009 1700 te
1024 1659 1104 1700 meae
1123 1639 1251 1698 defuisti.
1288 1635 1354 1694 Non

266 1722 346 1780 soleo
370 1733 462 1782 sautem
486 1722 571 1782 facile
595 1721 731 1784 deserere
750 1743 819 1804 quos
839 1724 927 1784 semel
950 1725 1112 1805 complexus
1139 1742 1211 1782 sum.
1257 1719 1355 1793 Quare

218 1805 224 1826 ⁸
265 1823 336 1864 carc
349 1815 454 1884 putes,
479 1825 524 1865 me
547 1825 666 1884 unquam
689 1808 740 1868 tibi
764 1809 822 1868 ulla
839 1807 867 1866 iu
886 1826 937 1879 re,
960 1827 1032 1885 quae
1049 1805 1159 1886 quidem
1176 1825 1193 1864 a
1211 1823 1257 1864 me
1273 1821 1354 1882 prae·

266 1887 337 1946 stari
363 1899 463 1966 queat,
499 1888 670 1950 delaturum.
722 1888 770 1951 De
796 1891 991 1962 numismatis,
1024 1910 1096 1970 quae
1116 1888 1151 1948 ad
1170 1908 1215 1946 me
1236 1887 1353 1955 misisti,

99 2045 102 2052 .
198 1983 257 2040 sps*
268 1971 388 2048 gratiam
405 1969 508 2053 babep,
531 1983 560 2032 ct
573 1992 657 2052 spero
676 1974 749 2046 lorc,
774 1985 804 2034 ut
823 1973 903 2034 brevi
917 1986 1043 2054 tempore
1062 1985 1091 2033 te
1107 1989 1291 2042 remunerer3
1313 1967 1355 2026 id·
1444 1995 1445 2000 ¹

268 2073 322 2132 quc
349 2074 384 2114 eo
411 2073 538 2133 genere,
570 2055 642 2134 quod
664 2057 705 2119 tui
729 2058 868 2117 similibus
887 2059 1083 2136 gratissimum
1107 2075 1173 2116 esse
1194 2054 1353 2112 cousuevit.

265 2137 406 2217 Cuperem
430 2137 466 2197 ad
488 2149 516 2198 te
539 2140 620 2218 plura
637 2140 782 2212 scribere3
805 2139 856 2200 sed
871 2140 944 2199 nosti
959 2141 1157 2219 occupationes
1176 2157 1268 2201 meas.
1311 2136 1355 2226 'lu

266 2221 290 2278 si
308 2220 343 2279 ad
358 2241 402 2280 me
417 2220 451 2282 de
468 2233 526 2281 toto
542 2242 636 2282 rerum
653 2234 761 2282 tuarum
779 2235 865 2296 statu,
882 2221 955 2301 quod
972 2222 1118 2283 commodo
1134 2222 1256 2292 tuoliat,
1274 2237 1356 2297 quam

264 2305 434 2382 saepissime
456 2307 628 2383 scripseris,
652 2325 711 2366 rem
730 2305 797 2364 mibi
853 2307 1143 2366 atissimamlcecris.
1187 2302 1276 2366 Vale.
1296 2301 1356 2361 lio·

233 2441 237 2452 ,
265 2405 340 2448 mae.
358 2387 415 2446 lll.
438 2387 782 2451 ld.Noreu1b.MDLX
843 2389 900 2452 111.

671 2529 946 2558 m

545 2633 647 2696 xvn.
692 2631 1078 2717 nnunnusrar)
1128 2623 1131 2629 “

346 2729 634 2790 tLLthrtttss.
662 2734 715 2786 AC
740 2731 1070 2787 BEVERENDlSS.
1095 2732 1276 2787 DOMINE
1312 2739 1317 2744 '

265 2821 439 2914 Visanest
452 2872 543 2932 nuper
558 2852 749 2914 Seuerissimo
763 2850 803 2915 D.
819 2852 860 2913 tt.
879 2850 1039 2930 Collegium
1054 2849 1262 2925 Cardiualium‚
1281 2849 1355 2932 quod

265 2935 311 2996 bis
338 2939 474 3017 proximis
496 2937 577 2996 aunis
602 2936 751 2995 multorum
767 2933 940 3006 obituvalde
955 2925 1132 2994 imminirtum·
1145 2947 1225 3008 erat,
1247 2955 1355 3014 augere
1446 2943 1447 2946 ’

266 3031 349 3099 atque
370 3021 541 3100 aroplilicare
560 3017 726 3096 cooptandis
748 3021 777 3078 in
793 3017 861 3078 illud
878 3019 972 3088 multis
991 3019 1077 3078 elaris
1093 3039 1126 3083 ac
1143 3021 1354 3098 praestantibus

265 3104 357 3174 siris3
385 3105 459 3162 inter
478 3122 548 3180 quos
570 3103 641 3160 mibi
662 3121 792 3180 quoque,
821 3121 876 3162 noa
898 3113 953 3160 tam
970 3103 1036 3162 ullis
1055 3103 1163 3162 meritis
1182 3105 1253 3164 meis
1273 3123 1355 3181 quam

264 3184 438 3246 humanitate
461 3205 512 3244 sua
534 3196 563 3244 et
583 3195 680 3246 vetere
701 3205 772 3262 erga
797 3205 842 3246 me
861 3184 1058 3245 benevolentia
1085 3185 1239 3257 adductus,
1264 3188 1354 3246 locum

265 3287 332 3328 esse
356 3269 455 3328 voluit.
500 3267 625 3327 Garisus
648 3287 709 3328 sum
732 3269 830 3346 optimi
850 3287 885 3328 ac
906 3269 1111 3346 sapientissimi
1131 3270 1277 3349 Principis
1297 3281 1354 3328 mm

265 3351 421 3412 honorifico
441 3350 476 3410 de
498 3371 542 3410 me
567 3350 690 3411 iudicio:
716 3352 770 3410 etsi
786 3352 932 3430 praeclare
948 3352 1097 3430 intelligo,
1120 3372 1202 3432 quom
1217 3354 1314 3412 tenuia
1327 3363 1355 3412 et

245 3437 368 3514 'exigua
382 3426 560 3515 sunt“)(iu
576 3453 621 3494 me
636 3433 749 3506 omnid,
773 3455 844 3514 quae
860 3433 896 3494 ad
910 3446 1017 3494 tantum
1033 3455 1131 3494 munus
1148 3457 1199 3514 pro
1215 3435 1354 3514 dignitate

264 3517 461 3584 sustinendum
476 3517 666 3596 requiruntur.
711 3517 770 3579 Sed
785 3517 938 3597 parendum
959 3529 1005 3578 cst
1020 3518 1141 3578 coasilio
1158 3517 1234 3590 Dei,
1259 3521 1307 3598 qui
1324 3532 1355 3578 ut

236 3609 238 3617 '
265 3603 379 3686 sapiens
397 3600 586 3671 architectus,
612 3602 696 3660 etiam
714 3601 878 3679 vulgaribus
898 3600 1039 3679 lapidibus
1059 3599 1201 3660 interdum
1217 3604 1307 3661 utitur
1319 3601 1354 3664 ad

262 3685 417 3745 Ecclesiae
436 3703 506 3743 suae
522 3683 769 3745 substructionem.
812 3684 898 3744 Nune
917 3703 979 3742 cum
997 3685 1210 3746 illustrissimae
1226 3707 1259 3746 ac
1274 3707 1354 3748 reve·

264 3767 453 3828 rendissimac
468 3767 663 3827 Dominationi
677 3778 742 3827 tuae
758 3785 872 3846 semper
886 3765 1210 3840 deditissimusluerim,
1228 3789 1354 3848 semper-

263 3869 319 3932 que
333 3852 489 3932 optaverim
505 3849 568 3910 dari
580 3850 649 3910 mibi
661 3849 775 3930 aliquod
788 3862 974 3931 tempus,cum
986 3853 1013 3910 ei
1028 3851 1150 3912 studium
1162 3854 1354 3934 atqueobser·

320 4049 353 4104 a)
375 4049 442 4102 Quae
463 4045 571 4102 nequitur
592 4046 696 4100 epistola
713 4045 739 4090 ln
758 4047 854 4093 schedis
873 4047 964 4102 perlter
979 4047 1068 4094 Mureti
1087 4017 1255 4106 inventrem,
1276 4049 1354 4104 tostus

263 4104 337 4149 etlam
356 4117 429 4150 macru
444 4105 536 4158 scripta
554 4103 681 4158 llturlsque
696 4104 784 4148 atleutu
799 4105 933 4150 emendate
963 4106 1059 4160 scripto
1074 4107 1169 4152 videtur
1183 4107 1279 4152 nomiae
1293 4109 1354 4156 car·
1446 4109 1447 4160 ἒ

167 4222 169 4228 Ι
263 4161 351 4206 dirratls
366 4162 468 4206 ettcutus
483 4160 557 4205 crentl
571 4171 594 4204 a.
610 4162 678 4204 158³.
695 4161 818 4206 cardinali
831 4163 946 4207 Aristeae
961 4164 992 4207 ab
1006 4164 1115 4209 Austrte.
1144 4166 1238 4210 annn
1446 4161 1447 4168 ’

320 4233 371 4288 aas)
386 4235 423 4278 lte
437 4235 483 4278 hoc
497 4232 627 4277 tristantium
649 4232 698 4276 riu.
714 4233 1009 4287 marcommannas.
1024 4247 1077 4291 pag.
1088 4235 1131 4287 ed.
1146 4247 1177 4281 m.
1193 4238 1232 4282 st.
1248 4249 1284 4292 sq.
1299 4237 1354 4284 adn.

263 4301 295 4336 m.
315 4292 346 4334 ao
367 4289 519 4343 Quinctilius.
541 4291 569 4334 x.
587 4291 608 4334 1.
624 4289 646 4335 1.
662 4291 990 4347 praeambulabat.
1006 4293 1031 4348 S.
1045 4294 1193 4340 mttsrttn.
1208 4296 1240 4341 ad
1255 4297 1354 4350 salust

263 4351 314 4401 lug.
329 4357 381 4404 cap.
396 4347 419 4392 4.
442 4349 467 4404 s.
483 4347 506 4392 4.
536 4349 580 4391 nn.
982 4406 987 4418 ι
1108 4356 1141 4467 Ὗ
