2960 5070
427 279 556 386 CARM:
579 282 652 384 XI..
667 279 792 346 ELEG.

209 447 316 510 Castro
334 449 433 508 iuvent
454 448 527 510 elius
550 447 674 528 ltallique
694 449 846 512 inamabile
866 471 999 528 statuatur¹

291 531 442 611 Missaque
463 545 519 592 uod
539 533 634 594 sinete
657 535 985 613 concremauerunt,
1090 579 1095 592 ,
1157 529 1160 537 ’

208 615 300 692 Quoia
321 615 417 694 rapiat
434 617 544 695 primae
564 626 679 676 moeros
702 617 845 697 lanuginis
866 637 956 678 annos

148 699 190 758 20
292 697 502 777 Acceleratque
523 715 602 758 suana
624 697 718 764 Perea
738 717 840 760 severa
860 697 953 763 diense

203 779 339 846 'Gaudeat
361 779 408 842 hle
431 782 553 841 miseros
574 783 649 844 inter
669 783 792 844 clamare
813 783 951 856 clientes,

288 863 330 926 Et
349 863 468 944 pavidos
488 863 559 927 duro
582 876 690 926 terreat
712 885 762 928 ore
784 880 870 928 reosc
940 921 944 934 ,
963 873 965 892 ¹

206 945 265 1008 llio
284 947 368 1009 odeat
386 959 481 1008 terras
500 948 558 1008 alio
580 949 633 1008 sul)
653 949 722 1010 Sole
743 949 888 1023 calentes,

290 1029 460 1116 Litteraque
481 1031 762 1112 instrueta=pluriana
782 1033 877 1094 classe
898 1031 993 1113 legat,

140 1113 183 1169 aa
202 1112 263 1174 Seu
285 1115 360 1175 leuat
378 1115 538 1175 Herculeas
560 1116 670 1175 animus
692 1125 822 1196 spectare
840 1115 1003 1190 columnas,
1194 1133 1243 1182 eea

291 1197 348 1258 Seu
371 1199 446 1257 lerat
466 1217 589 1257 annosos
612 1199 657 1259 ire
678 1197 713 1257 ad
734 1197 962 1280 Hyperboreos,

204 1275 322 1352 Duras,
340 1274 393 1359 qui
415 1281 515 1360 fragili
536 1282 623 1342 vitam
644 1282 820 1342 committere
842 1282 922 1360 ligno

287 1362 437 1424 'Andetet
456 1365 569 1444 ignotos
592 1363 724 1444 aequoris
745 1365 790 1424 ire
808 1366 891 1437 vias,

204 1443 270 1517 Nee
291 1447 372 1506 timet
390 1447 506 1508 inverso
527 1444 697 1508 decumanos
714 1466 859 1509 marmore
882 1449 1003 1522 lluotas,

139 1531 183 1586 50
287 1529 468 1608 Securasque
488 1530 575 1590 animi
598 1550 732 1612 squamea
752 1542 878 1590 monstra
897 1530 984 1592 videt.

204 1608 272 1672 Non
293 1614 337 1672 sio
358 1611 465 1686 divini,
490 1614 643 1674 mitissima
663 1614 796 1693 pectora,
818 1625 918 1686 vetes,

288 1694 570 1778 Aethereo'quorum
595 1697 708 1756 flamine
728 1695 817 1756 eorda
838 1697 951 1757 calent:
1008 1711 1018 1736 ·
1043 1695 1050 1711 ¹
1110 1734 1112 1744 ·

205 1774 274 1860 Otia
297 1787 443 1838 sectantur
463 1773 515 1838 sed
535 1779 609 1838 enlm
630 1778 790 1859 taeltosque
810 1794 961 1852 recessus,

288 1858 330 1920 Et
348 1881 401 1921 sua
423 1863 564 1941 neglectis
586 1862 705 1922 urbilaus
727 1883 797 1922 arva
819 1863 932 1936 colunt,

142 1944 183 1999 ult
203 1940 413 2024 splendidaque
434 1957 463 2005 et
482 1946 569 2006 multo
589 1943 743 2026 spectanda
761 1946 867 2026 palatia
886 1946 954 2006 luxu

269 2024 494 2101 Contemnunt,
518 2027 638 2088 humiles
661 2026 878 2107 anteferuntque
899 2047 1001 2089 casas:
1026 2089 1033 2104 q

202 2105 268 2168 lllic
289 2120 320 2168 et
340 2111 450 2170 siccant
469 2128 612 2189 generoso
631 2111 717 2191 plena
737 2110 838 2191 Lyaeo

218 2259 220 2262 ¹
284 2191 412 2264 Pocula,
436 2193 570 2254 Bistonia
590 2194 742 2273 frigidiora
764 2195 847 2265 nive,
972 2235 974 2239 ,

202 2269 245 2331 Et
263 2275 289 2332 si
312 2277 410 2336 nescio
432 2275 498 2356 quid
520 2297 572 2337 scu
593 2279 670 2337 vultu
692 2277 796 2336 ancilla
817 2294 922 2336 sarano
1085 2275 1088 2284 “

141 2356 184 2412 ¹1⁰
289 2358 349 2418 Seu
371 2378 427 2418 non
449 2361 580 2420 informis
602 2361 699 2420 villica
718 2360 847 2439 pollicita
868 2368 932 2429 est,

201 2437 339 2500 Protinus
363 2453 394 2500 nt
413 2452 495 2522 capta
516 2441 636 2504 reduces
660 2463 696 2504 ex
716 2443 789 2503 urbe
803 2441 993 2520 triumphent.

283 2523 310 2583 0
332 2525 474 2584 hominurn
496 2526 567 2587 felix
587 2537 687 2605 terque
712 2537 869 2605 quaterque
891 2523 1001 2602 genus!

203 2603 254 2665 Sic
274 2626 329 2690 ego
351 2611 423 2666 sima
446 2609 587 2689 liceatque
608 2611 696 2680 milui,
718 2627 781 2668 nea
800 2607 952 2686 Margari,
974 2616 1067 2666 tecum

285 2689 352 2750 Non
374 2689 431 2750 alia
453 2693 540 2752 vitam
561 2691 668 2754 ducere
691 2705 770 2754 sorte
792 2711 894 2768 meam.

140 2769 313 2845 attactu,
335 2777 515 2852 quantumin
537 2787 566 2835 te
587 2787 649 2848 eat,
674 2777 731 2835 alio
751 2795 802 2834 noa
825 2773 929 2834 ducere
949 2781 1063 2843 tentes,

285 2855 484 2936 Astraeceque
504 2860 585 2936 sequi
604 2859 734 2930 nonina,
758 2859 856 2928 Vere,
877 2854 978 2915 iubes:

203 2933 262 3010 Et,
286 2937 371 3018 qnid,
393 2941 458 3012 ais,
482 2961 607 3020 quaeso,
631 2942 710 3000 molli
731 2941 784 2998 tibi
807 2939 933 2998 carmine
957 2934 1095 3016 quondum

286 3022 422 3082 Proderit
443 3035 491 3083 aut
514 3023 641 3084 honines
665 3033 714 3082 aut
734 3024 877 3084 cecinisse
898 3019 994 3082 deos?

203 3104 376 3165 Scilicetut
396 3108 448 3166 toti
471 3107 562 3168 lucris
584 3127 646 3168 cum
668 3106 763 3166 labala
784 3105 889 3184 vulgo,

138 3191 181 3246 tto
287 3186 414 3267 Cumque
435 3190 493 3250 erit
512 3191 541 3249 in
563 3191 640 3250 vulta
663 3191 782 3270 plurima
803 3208 875 3267 ruga
897 3197 963 3258 tuo,

205 3269 335 3330 Fortiter
356 3273 485 3347 esurias,
507 3283 538 3333 ut
560 3284 589 3334 te
611 3274 683 3334 mala
703 3282 788 3350 coqat
808 3281 924 3350 egestas

287 3353 383 3414 lllulla
405 3357 463 3436 pati
485 3357 553 3416 lorti
573 3377 630 3416 aaa
653 3352 786 3438 patienda
806 3356 887 3425 viro,

207 3435 473 3512 Sectariraeasas,
498 3438 601 3499 blando
622 3440 766 3524 appellare
788 3448 937 3517 potentos3

287 3520 403 3582 Tollere
426 3524 552 3582 mentitis
572 3522 701 3581 laudibus
717 3529 802 3580 astra
822 3539 919 3599 super.

140 3603 182 3657 au
203 3599 287 3674 Quod
309 3605 366 3664 nisi
389 3603 555 3685 desiperes,
577 3615 692 3685 poteras
713 3606 743 3664 in
765 3605 828 3664 luce
849 3603 959 3664 forensi

288 3685 411 3747 Versari
433 3700 462 3748 et
480 3688 590 3748 laudem
612 3679 750 3769 quaerere
770 3705 894 3770 opesque
915 3684 978 3744 tihi.

202 3762 315 3828 Excute
338 3768 457 3850 decepta
478 3770 609 3832 blandum
630 3770 665 3832 de
688 3782 780 3830 mente
800 3770 944 3839 furorem,

288 3852 345 3926 Qui
367 3853 437 3926 tibi,
460 3855 489 3913 ni
510 3873 631 3928 caveas,
654 3855 834 3934 perniciosas
858 3853 926 3914 erit.

203 3925 339 3993 Advertit
360 3934 454 3996 tardas
476 3939 524 4016 qui
546 3949 625 3998 reeta
646 3937 823 3998 monentibus
846 3952 949 4004 aures,

140 4017 183 4080 60
286 4015 414 4078 Exitium
435 4019 550 4092 demens
573 4021 695 4082 lubricat
714 4021 776 4099 ipse
797 4019 864 4078 sibi.

126 4129 131 4136 ·
202 4093 284 4176 Ergo
308 4119 362 4177 ego
383 4113 414 4160 ut
433 4103 536 4164 hirsuti
558 4105 677 4166 verbosa
697 4103 840 4164 volumina
859 4097 960 4172 Batti,

287 4183 327 4242 Ut
348 4182 454 4246 discum
476 4187 577 4266 leges,
601 4186 778 4257 lustiniaue,
798 4195 882 4257 tuas,

77 4301 379 4326 maun-

134 4367 178 4414 ve
190 4369 230 4416 tta.
250 4373 394 4420 ,rustum
423 4375 550 4436 syllabam
568 4377 600 4424 ott
613 4373 670 4422 lacit
683 4375 795 4435 breuem,
816 4383 870 4424 cem
884 4370 918 4418 ait
930 4371 1004 4426 longa
1017 4369 1042 4416 ta
1057 4369 1166 4414 roesam.
