2960 5070
218 91 238 128 t

983 119 986 136 ¹
1076 135 1085 188 t

284 263 352 336 suo
654 219 816 322 'trum
845 229 967 326 rutili
1073 323 1095 363 ,Ι
1162 331 1164 339 ,
1264 215 1296 266 '⁸

307 436 348 492 to
451 427 492 490 Et
513 425 639 490 malceno·
658 445 744 488 cures
766 423 876 490 dulcius
898 436 965 507 apta
985 435 1070 492 tunes

369 511 430 576 Sed
450 513 569 574 veniens
592 512 679 572 etiam
700 512 818 590 iugenio
839 521 886 572 cst
905 511 1041 575 damnosa
1062 523 1215 590 sonoras,

280 591 282 601 ’
391 643 394 648 ,
454 595 518 656 Nec
540 607 646 654 tantum
668 594 746 656 vires
768 595 897 674 corporis
918 596 1073 673 imminuit,
1126 661 1128 665 ,

368 679 445 741 Cum
467 679 537 738 nihi
557 689 707 756 turgereut
728 678 839 739 meliori
864 679 1004 757 sanguiue
1023 697 1135 753 venae,
1249 699 1257 710 ·

278 821 283 828 ,
453 763 518 828 Ner
538 779 669 822 curarum
691 762 813 820 animum
834 759 960 843 pondera
980 761 1192 841 deprimerentc

201 841 202 850 ’
243 839 246 860 '
310 851 349 912 itt
372 846 480 927 Sponte
502 863 554 907 suc
575 844 702 904 numeris
723 855 836 904 carmen
860 845 930 905 milri
953 845 1086 908 mollibus
1109 847 1187 920 ilat,

456 928 497 989 Et
518 927 612 988 subito
634 947 736 988 versus
758 926 878 989 fundere
899 927 981 988 ludus
1004 940 1076 990 erat.

371 1013 457 1074 Nunc
478 1023 507 1072 et
527 1029 629 1090 corpus
652 1010 737 1070 hebet
759 1012 841 1070 senio
865 1021 895 1070 et
920 1031 1000 1072 mens
1022 1013 1085 1092 ipsa
1107 1012 1265 1092 pigrescit,
1299 1023 1304 1039 ¹

459 1093 598 1173 Quodque
622 1093 721 1154 hahuit
741 1092 827 1166 ludo,
851 1113 925 1154 nunc
945 1111 1017 1154 onus
1041 1115 1107 1155 esse
1128 1104 1216 1176 putat.
1285 1162 1289 1166 ,

373 1177 468 1263 Dulce
489 1197 561 1237 onus
582 1175 637 1237 lioc
657 1187 751 1236 tamen
773 1186 835 1249 est,
861 1175 934 1256 quod
955 1187 987 1238 tc
1008 1177 1157 1249 mandante
1179 1181 1310 1257 saritur,

218 1289 228 1306 ·
313 1265 354 1320 20
457 1261 498 1321 Et
520 1260 630 1320 leviora
652 1260 722 1320 lacit
744 1261 824 1320 iussa
846 1261 970 1320 iubentis
993 1280 1083 1320 amor.

373 1343 469 1426 Atque
490 1345 596 1403 utinam
619 1342 689 1402 haee
711 1363 797 1402 roseo
818 1343 897 1422 legat
917 1355 947 1403 et
966 1343 1139 1406 Vincentius
1161 1364 1232 1420 ore,

151 1469 163 1476 -
227 1467 246 1502 4
384 1417 387 1446 ¹
457 1426 568 1486 Phoebi
593 1435 623 1486 et
643 1425 793 1486 Musarum
815 1427 937 1485 maxima
958 1447 1046 1500 cura,
1070 1447 1158 1508 puer:
1230 1434 1232 1439 '
1315 1427 1320 1440 ¹

375 1511 434 1586 Qui
456 1511 619 1570 florescenti
643 1508 787 1590 paullatim
810 1509 947 1569 attollitur
968 1529 1060 1583 aevo,

458 1594 500 1654 Ut
519 1603 581 1651 scta
602 1612 635 1652 se
656 1591 692 1651 ad
713 1593 791 1652 fluvii
814 1593 929 1652 subiicit
952 1593 1032 1652 alnus
1054 1587 1154 1674 aquas.

232 1691 280 1740 tau
315 1679 356 1736 25
376 1674 482 1748 Felix,
505 1677 550 1735 cui
573 1677 681 1734 teucris
704 1675 827 1736 Helicon
849 1677 988 1736 lustratur
1008 1675 1044 1736 alr
1068 1679 1169 1751 aunis,
1226 1749 1228 1756 Ι

232 1819 237 1832 ,
460 1757 502 1820 Et
522 1759 630 1818 bibitur
650 1758 774 1818 volucris
800 1759 864 1818 lons
885 1759 1069 1840 pedelaetus
1091 1762 1155 1840 equi
1169 1763 1182 1806 t

246 1883 249 1892 .
281 1897 289 1904 .
376 1841 468 1918 Quem
491 1843 632 1922 iom.ipsa
651 1842 761 1906 Uranie
782 1841 893 1902 blandis
916 1843 1063 1924 complexa
1082 1807 1219 1920 laeerlis,
1255 1839 1259 1856 '
1291 1839 1295 1846 ⁴

462 1926 596 1986 Stellatas
620 1943 752 2005 superum
773 1927 852 1986 vexit
872 1925 907 1986 ad
929 1945 1021 2006 usqne
1040 1925 1157 2002 domos,

377 2006 567 2088 Ostenditque
587 2003 729 2079 astrorum
750 2010 833 2088 ignes
858 2009 987 2088 caelique
1007 2022 1135 2083 meatuS,

315 2093 358 2155 ill)
409 2147 421 2182 Ι
461 2093 608 2172 Qucisque
629 2111 696 2151 suos
719 2105 858 2172 peragant
879 2089 990 2171 legibus
1012 2093 1068 2152 illa·
1083 2093 1198 2154 choros.

263 2230 270 2238 ,,
377 2171 451 2250 Quis
475 2178 546 2248 scit,
572 2195 607 2235 an
629 2185 657 2234 et
678 2177 758 2236 caelo
781 2176 845 2236 dum
868 2177 981 2255 singula
1002 2175 1143 2258 despicit,
1167 2179 1245 2240 inter
1329 2220 1332 2224 -
1355 2195 1356 2199 ’

461 2258 566 2322 Cetera
587 2261 711 2319 maiores
732 2258 839 2320 viderit
860 2269 938 2335 astra
960 2279 1046 2318 suos:

294 2399 298 2408 ,
376 2339 418 2402 Et
439 2361 509 2422 quos
531 2362 673 2422 purpureo
696 2344 823 2402 contexit
841 2341 933 2402 Roma
955 2343 1086 2422 galeros
1181 2411 1192 2422 ,

461 2425 569 2505 Ecqui
592 2425 683 2504 regali
705 2437 820 2506 sceptra
843 2426 935 2486 tulere
956 2425 1062 2486 manu?

315 2509 356 2564 ott
376 2503 535 2570 Fortunate
557 2527 648 2589 puer,
673 2529 804 2588 maguum
825 2511 915 2588 patris
935 2509 1161 2585 incrementum,

461 2591 516 2650 Cui
537 2589 679 2651 Lachesis
703 2605 751 2650 net
771 2592 855 2670 plena
875 2611 963 2652 aurea
983 2593 1031 2652 iila
1052 2595 1133 2667 colo,

303 2721 305 2724 .
377 2671 455 2736 Vive
476 2674 544 2754 diu,
567 2683 654 2756 utque
676 2671 737 2737 dati
755 2675 851 2754 poscit
870 2676 927 2734 tibi
947 2677 1070 2736 nominis
1091 2697 1194 2752 omen,

462 2754 561 2832 Tendc
582 2767 681 2818 atavos
705 2759 781 2817 omni
803 2759 920 2818 vincere
940 2756 1024 2820 laude
1046 2771 1121 2820 tuos.

288 2831 292 2852 ¹
377 2837 444 2902 Neu
466 2860 557 2920 grave
576 2841 634 2913 sit,
657 2839 722 2902 dum
745 2840 818 2916 dona
839 2841 893 2902 titi
918 2844 1053 2920 graviora
1073 2855 1227 2924 parantur,

316 2927 359 2983 to
464 2925 581 2987 interca
602 2935 711 3004 partem
733 2926 869 2986 carminis
892 2943 959 2986 esse
979 2926 1046 2988 mei.

592 3061 650 3125 vr.
694 3061 757 3122 ru
792 3039 1088 3132 nnuuusu.

418 3147 578 3252 Verbum,
601 3197 656 3256 quo
678 3179 855 3258 omnipotens
877 3179 1006 3244 condidit
1028 3185 1142 3259 omnic,

505 3263 613 3322 Summi
637 3261 829 3341 praevalidum
851 3265 965 3324 consilii
981 3266 1149 3346 Angelum,

489 3345 715 3424 ,Vatum-plone
735 3343 802 3406 Deo
823 3358 941 3426 pectora
960 3347 1109 3426 dixerant,

504 3428 684 3501 Venturum,
707 3440 739 3489 ut
760 3430 843 3489 lieret
863 3449 949 3502 oarnc
1038 3494 1040 3500 s

230 3538 235 3552 ·
336 3515 357 3569 s
418 3510 509 3572 Primi
533 3529 588 3592 quo
609 3499 746 3572 dieculam
770 3511 894 3573 dilueret
909 3515 1021 3594 patris,

487 3596 711 3676 ·Serpentisquc
732 3597 805 3656 vafri
828 3609 992 3658 contereret
1011 3609 1115 3678 caputc
1144 3625 1147 3632 ¹

504 3678 745 3758 Praeclusornqne
767 3679 874 3738 homini
895 3693 988 3741 morto
1007 3681 1171 3744 recluderet

403 3783 408 3792 ·
505 3762 540 3822 ln
563 3762 671 3822 caelum
691 3764 807 3842 propria
830 3763 916 3823 viam.

293 3901 300 3909 ,
419 3841 502 3925 Ergo
524 3845 608 3904 turha
628 3855 762 3926 patrum,
785 3865 902 3906 carcerc
923 3845 1032 3911 liberos

318 3929 360 3987 tc
385 3945 389 3949 ·
505 3929 563 4003 Qui
585 3929 671 4008 longo
693 3947 833 4008 pereum-
852 3949 885 3989 se
905 3930 969 3990 iore
990 3929 1140 4005 viderant,
1165 3935 1176 3953 ⁸

504 4011 623 4074 Caelum
646 4013 826 4092 suspiciens,
850 4013 1002 4074 luctisonis
1022 4012 1108 4076 duan

486 4109 489 4114 ’
505 4093 631 4156 Carmen
652 4096 773 4174 lugubre
783 4096 931 4158 uocibusc

422 4176 450 4238 0
472 4179 520 4260 qui
541 4179 677 4257 pollicitis
691 4179 850 4258 applicitos
869 4180 949 4250 tuis,
1009 4215 1015 4222 ·

507 4261 646 4336 Quamvis
668 4273 769 4322 cuncta
789 4271 890 4343 potes,
914 4261 1017 4326 fallere
1038 4283 1094 4322 nou
1116 4273 1215 4345 potes,

317 4344 358 4401 to
401 4340 404 4348 ’
504 4343 621 4426 Longas
643 4337 712 4408 tolle
732 4365 845 4420 moras,
867 4355 898 4406 et
919 4345 978 4408 cito
985 4389 997 4420 ,
1019 4365 1103 4428 quem
1124 4347 1177 4408 tili
1194 4341 1207 4350 ’
