2980 5074
438 203 569 348 cnahr.
592 279 620 348 1.
653 279 864 352 auncoun.

183 475 187 486 ·
279 454 342 516 Iuro
364 449 457 514 adhuc
478 468 561 514 arces
582 451 691 514 Priami
714 470 880 532 manerent,

279 539 313 600 Si
333 535 399 597 Deo
420 538 522 617 plenae
543 536 629 598 Paris
650 539 791 602 audiisset

362 619 451 680 Dicta
472 621 593 680 sororis.

194 709 258 766 440
278 704 352 776 llla,
374 723 438 764 cum
460 683 536 763 laeta
556 697 679 765 tumidus
693 707 801 786 rapina

277 788 390 866 Raptor
410 785 447 846 ad
468 784 553 846 sedes
576 790 685 888 patrias
708 789 828 864 rediret,

276 869 393 931 Dicitur
414 880 521 942 totam,
544 859 671 932 resoldta
692 873 808 945 crines,

359 954 424 1012 Isse
446 973 499 1033 per
516 953 636 1026 urbem,

276 1033 453 1096 clamitans.
477 1047 588 1116 turpem
610 1037 775 1118 proculire
797 1040 942 1100 moecham

195 1125 257 1181 4ἱὸ
280 1117 402 1197 Cogite,
425 1120 590 1192 oTaucri,
613 1122 691 1198 gerit
712 1122 762 1180 illa
783 1142 881 1186 secum

277 1202 431 1262 Moenibus
452 1204 559 1263 vestris
587 1203 790 1286 Phrygiaeque
811 1207 871 1266 fata

259 1327 293 1346 ν.
359 1286 467 1346 Ultima
487 1286 566 1365 pubi.
896 1351 897 1355 ,

276 1367 375 1428 Caede
396 1369 452 1429 iam
473 1388 587 1449 campos
608 1367 693 1430 video
715 1369 881 1432 madentes·
952 1387 954 1395 ’

266 1453 351 1512 lam
359 1453 443 1512 ferox
464 1463 567 1530 gnatus
589 1451 728 1514 Thetidos
750 1457 878 1515 marinae

192 1541 256 1599 420
275 1536 353 1596 lliuc
373 1544 403 1594 ct
422 1535 489 1594 hinc
510 1547 623 1616 strages
646 1539 792 1628 geminat,
816 1538 964 1602 tremenda

359 1616 488 1699 Cuspide
508 1639 634 1698 pugnax.

275 1701 393 1780 lamque
413 1713 519 1762 mutato
541 1701 648 1763 Simois
672 1703 771 1764 colore

275 1785 371 1844 lnficit
391 1787 488 1866 ripas,
512 1777 666 1864 galeasque
689 1805 786 1846 secum

251 1867 382 1930 Volvit
403 1880 433 1928 et
453 1870 537 1928 fortis
562 1866 718 1928 madidas
709 1881 843 1932 ruventaa

191 1955 272 2014 445,
358 1951 507 2030 Sanguine
525 1962 632 2012 cetrae.

274 2031 443 2096 addolor!
465 2046 580 2094 sanctas
604 2037 727 2095 etiamne
748 2034 784 2094 ad
806 2055 873 2095 aras

154 2174 156 2181 .
273 2115 366 2176 Exuis
389 2119 494 2188 vitam,
519 2120 652 2196 genitor,
676 2117 820 2178 senilem?

223 2198 378 2264 Nec
360 2202 406 2260 vel
428 2201 561 2261 Herceus
585 2202 700 2262 cohibet
719 2203 899 2262 furentem

184 2282 188 2293 ’
363 2283 494 2365 luppiter
512 2283 607 2343 iraru‘l

190 2370 253 2425 450
274 2365 357 2428 llaec
379 2379 409 2427 et
429 2369 474 2426 his
496 2367 583 2426 multo
604 2367 747 2427 cecinisse
766 2351 849 2447 plura

199 2449 202 2494 ἶ
274 2448 392 2524 Dicitur
411 2448 550 2530 quondam
572 2450 724 2510 furibunda
746 2461 846 2511 vates:
918 2471 920 2478 ’
1052 2523 1057 2527 1
1153 2509 1155 2517 ,

273 2517 333 2594 Sed
355 2534 437 2594 dolor
458 2533 568 2593 Phoebi
590 2535 681 2594 vetuit
701 2534 841 2614 superbos

360 2616 488 2676 Credere
509 2617 614 2676 Troas
948 2633 951 2638 ·
1052 2639 1053 2648 ¹

273 2696 413 2760 Pertinax
433 2701 561 2780 quisquis
584 2699 640 2758 sibi
662 2698 844 2772 credituri,

193 2787 255 2840 455
278 2780 399 2843 Ceteros
423 2803 562 2862 spernens
584 2783 686 2862 melius
708 2795 876 2843 mouentesa

248 2866 346 2938 'llle‚
371 2867 397 2924 si
419 2867 529 2945 coeptis
551 2877 653 2944 pereat
671 2864 723 2925 suh
744 2866 836 2946 ipsis,

357 2949 425 3010 lure
445 2949 562 3029 peribit.

245 3189 247 3202 ,
387 3071 596 3196 ACTUS
632 3127 931 3206 QUINTUS

193 3247 557 3310 BRUTUS
606 3265 655 3308 aa
698 3246 1047 3312 CASSlUS.

221 3365 398 3476 spirate
419 3397 517 3458 cives!
540 3395 652 3483 Caesar
671 3399 838 3460 interiectus
863 3411 929 3474 est;

273 3479 349 3554 llle,
373 3482 423 3540 ille
443 3469 571 3554 Caesar,
594 3473 704 3562 patriae
723 3493 819 3543 terror
839 3503 928 3556 suae,

191 3570 254 3626 440
274 3563 378 3623 Hostis
399 3575 534 3638 senatus,
558 3566 739 3626 innocentum
760 3568 889 3628 carnifex
896 3610 907 3640 ,

273 3646 385 3726 Legum
406 3645 507 3721 uuida,
530 3649 666 3728 publici
658 3651 730 3709 ruris
753 3649 835 3709 lues.

273 3728 365 3790 Cuius
389 3733 503 3810 rapinas
525 3753 616 3811 nuper
636 3743 666 3792 et
686 3731 821 3792 libidines

272 3812 401 3892 Agnovit
422 3814 501 3874 orbis
522 3826 599 3874 totus
619 3825 650 3876 et
668 3836 822 3896 perpessus
844 3827 900 3878 est.

275 3896 310 3956 ln
332 3897 430 3969 curia,
454 3917 536 3977 ιιιιιιιιι
557 3911 760 3979 oppresserat,
784 3920 937 3980 oppressus
961 3901 1080 3961 iacet..

192 3984 253 4039 445
274 3977 387 4040 CASS.
404 3980 462 4052 En,
476 3981 581 4054 Roma,
596 3981 720 4060 gladium
735 3982 826 4043 adhuc
842 3995 984 4063 tepentem
1000 3983 1157 4062 sauguine·

274 4061 322 4121 En
344 4023 490 4142 diguitalis
512 4026 652 4126 vindicem
674 4065 802 4146 dextram
823 4076 901 4128 tuae.

273 4143 405 4226 Impurus
426 4147 493 4220 ille,
516 4149 564 4226 qui
585 4149 682 4211 furore
705 4138 818 4210 nefario

110 4327 207 4432 ⁸mappa.
221 4325 334 4432 *mutu
352 4329 433 4377 medlo
454 4339 530 4383 versu
544 4333 703 4388 anapaestum
717 4330 743 4377 iu
757 4330 831 4408 iambi
844 4331 924 4378 locum
938 4341 986 4378 naa
1000 4341 1045 4379 suo
1060 4339 1126 4379 mora
1141 4330 1200 4378 sub-

587 4406 596 4442 ι
