2980 5074
1061 237 1063 246 Ι
1164 202 1171 232 i

197 335 199 347 ι
285 298 353 372 mo
691 247 802 362 mum
825 293 966 378 runnu

286 481 322 534 nt
336 463 399 533 aureel
411 473 507 551 purten
527 479 623 532 notum
645 462 850 548 quodammodo
870 477 1091 548 uonsuquuntur.
1136 472 1211 532 Nun
1226 489 1318 554 neque
1326 486 1383 550 po-

287 565 343 618 test
354 558 512 635 *qumquem
536 553 610 614 boun
624 553 722 614 smum
737 554 831 612 enlm
839 594 850 623 ,
874 554 927 632 qui
938 563 967 612 te
982 571 1039 612 uon
1051 555 1146 624 uolut,
1168 564 1199 614 et
1211 555 1301 624 mutet,
1323 556 1389 613 nusi

251 655 256 672 ¹
286 641 380 722 quite
401 641 480 698 uolut
494 646 580 716 utque
594 637 739 707 observet,
764 635 872 695 unicus
885 655 1039 694 essenerno
1052 645 1168 714 potest:
1203 637 1332 707 Sentio,
1349 647 1388 696 ut

286 723 371 792 dulei,
392 731 425 780 et
440 739 484 780 me
506 729 603 790 unat,
628 729 658 780 et
680 719 818 778 bonarum
839 719 945 777 nutrium
960 720 1056 778 studio
1072 721 1204 780 munusue
1222 729 1285 791 est,
1309 729 1340 779 et
1354 729 1384 778 te
1481 725 1482 728 ’

287 807 366 866 tnnn'
373 801 472 884 sumt.
495 805 599 884 quanti
616 821 728 874 omues,
752 803 805 879 qui
821 811 848 860 te
866 811 991 874 nument,
1014 811 1068 860 aut
1079 801 1200 880 suuiupt
1215 801 1385 882 nutsuuene
1481 825 1482 872 3

286 888 399 950 debent.
445 887 535 946 Velim
548 888 643 964 t'gu'tur
655 886 697 946 r'tu
716 901 778 944 sum
793 885 933 962 serapias,
957 884 1151 963 utenufirnnes
1168 885 1210 956 id,
1234 887 1313 964 quod
1326 905 1384 963 ugo

243 1000 246 1011 ,
285 986 371 1050 saepe
383 971 558 1050 praedicare
579 969 674 1040 solen,
697 984 788 1028 meum
800 961 1075 1026 venmmendin’onem
1088 969 1167 1048 upud
1183 978 1211 1026 te
1223 987 1279 1028 uon
1297 969 1383 1028 mauu·-

285 1073 360 1116 rnunr
381 1055 529 1132 penderes
544 1051 660 1112 nutem.
704 1051 818 1130 Sempe·
829 1051 913 1110 eumn
926 1049 1135 1110 nudiustertius
1148 1051 1188 1110 ud
1205 1061 1232 1112 te
1247 1053 1383 1111 dentato

288 1157 367 1209 rnen,
389 1137 425 1195 de
443 1155 507 1196 ntea
524 1137 685 1196 ualetudine
706 1134 795 1212 deque
812 1133 942 1192 omnibus
959 1133 1047 1193 rebus
1065 1136 1150 1206 mei-55
1168 1149 1203 1194 ue
1217 1131 1315 1212 meno,
1337 1153 1384 1194 nae

287 1237 371 1302 quum
389 1219 526 1279 nutrimine
541 1217 652 1297 aliquid
674 1216 726 1276 aba
747 1227 775 1276 te
799 1217 962 1276 litterarum
983 1226 1177 1296 umepturuu.
1220 1219 1303 1278 anu.
1327 1219 1383 1278 Ge-

285 1321 370 1365 nuue.
387 1304 441 1364 IV.
456 1304 533 1364 Non.
550 1301 702 1363 Nouemtr.
719 1301 913 1360 MDLHXI.
924 1297 959 1378 u)

137 1508 140 1516 “
251 1581 254 1589 ,
388 1513 517 1580 xum.
562 1497 615 1576 Μ.
646 1495 949 1580 ANTONIUS
982 1495 1262 1580 MURETUS

544 1647 976 1739 uousnuuuuno
1021 1653 1129 1718 suo

778 1785 808 1842 S.
842 1787 880 1843 D.

286 1895 428 1983 Litteras
449 1941 468 1984 s
486 1933 515 1983 te
536 1919 603 2002 po'st
615 1919 773 1982 discessum
790 1923 857 1983 hine
871 1919 954 1985 tunm'
962 1923 1054 1986 nullas
1069 1925 1166 2004 accepi
1183 1933 1298 2010 praeter
1315 1936 1390 1998 eas,”

224 2026 272 2077 son
287 2028 359 2089 quae
379 2005 448 2066 mihi
471 2025 596 2068 mensem
617 2006 679 2066 iere
700 2005 803 2068 abhinc
823 2027 907 2068 unum
930 2006 1058 2068 redditae
1075 2019 1158 2079 sunt,
1180 2007 1240 2066 uua'
1252 2027 1315 2066 eum
1331 2009 1382 2067 va-

286 2090 367 2172 sculo
381 2086 488 2151 conditi
503 2108 520 2150 e
539 2089 621 2150 malis
634 2087 793 2163 Persicis,·
805 2089 879 2170 quod
891 2091 961 2150 mihi
976 2111 1046 2152 sune
1062 2090 1296 2152 iucundissimum
1311 2091 1378 2152 fuit.

285 2177 358 2236 Tam
376 2173 464 2241 multa
483 2172 535 2232 tibi
558 2170 678 2232 adversa
699 2175 851 2247 evenisse,
876 2174 995 2236 moleste
1011 2175 1091 2236 iero:
1115 2174 1281 2234 incolumem
1299 2185 1328 2234 te
1343 2194 1382 2234 ex

172 2277 180 2288 ·
286 2258 345 2319 illis
364 2258 511 2329 evasisse,
536 2257 739 2318 immortaliter
752 2256 874 2336 gaudeo.
920 2255 1005 2332 Quod
1026 2255 1071 2318 me
1088 2275 1195 2330 amns,¹
1207 2259 1280 2317 seito
1300 2267 1330 2317 te
1349 2257 1382 2318 id

286 2354 381 2403 mutuo
402 2341 511 2401 faeere.
560 2338 603 2400 Et
629 2339 655 2398 si
678 2339 745 2418 quid
764 2339 888 2411 assidit,
920 2341 950 2400 iu
971 2361 1026 2425 quo
1048 2340 1188 2401 declarari
1207 2340 1260 2400 tibi
1286 2340 1379 2414 velis,

286 2425 384 2506 quanti
398 2443 417 2484 a
430 2444 475 2483 mo
490 2423 555 2496 lias,
569 2416 734 2482 nou'l'allam
749 2423 910 2504 opinionem
924 2434 1012 2484 tuam.
1052 2423 1158 2485 Vinum
1175 2422 1248 2504 quod
1263 2433 1292 2482 te
1310 2425 1382 2483 mis·
1410 2423 1414 2427 ’

286 2529 383 2570 surum
408 2506 537 2578 scribis,
567 2505 593 2565 si
612 2506 683 2578 erit,
713 2510 867 2586 perquem
883 2503 1037 2568 ¹tommode
1059 2506 1174 2579 mittas,
1205 2507 1247 2566 ita
1267 2505 1381 2567 demum

286 2592 356 2652 mihi
376 2601 487 2669 gratum
507 2588 630 2648 futurum
649 2599 711 2662 est,
741 2590 768 2650 si
794 2589 872 2652 nullo
884 2600 944 2656 ,tuo
965 2600 1077 2670 sumptu
1100 2589 1130 2650 id
1150 2591 1209 2650 liat.
1253 2589 1380 2650 Omnino

287 2676 362 2736 enim
384 2683 522 2752 sumptum
542 2691 560 2731 n
581 2682 611 2731 te
631 2671 736 2732 nullum
750 2692 813 2732 meu
827 2692 930 2733 enussn
945 2673 1008 2734 lieri
1024 2672 1100 2733 volu.
1145 2675 1224 2734 Satis
1237 2692 1381 2752 superque

240 2789 244 2797 -
286 2759 355 2818 milui
372 2756 493 2824 futurum
510 2765 566 2827 est,
589 2773 652 2814 uum
666 2751 734 2834 qnid
752 2755 838 2816 istiue
855 2757 923 2817 milui
939 2755 1150 2828 curarimus-1,
1172 2757 1271 2837 (erunt
1283 2765 1379 2816 autem

286 2839 425 2902 interdum
443 2838 576 2898 nonnulla
592 2857 665 2918 qnae
680 2836 794 2920 velim)
819 2841 844 2900 si
862 2861 925 2904 mea
941 2861 1043 2902 caussa
1060 2859 1175 2919 operam
1189 2837 1323 2913 dederis,
1347 2851 1381 2898 ut
1480 2887 1481 2906 Ε

287 2927 362 2986 lecta
382 2923 477 2984 omnia
499 2933 529 2982 et
548 2939 610 2982 enm
622 2921 679 2982 fide
695 2917 731 2982 ad
746 2921 982 2985 me'adfer·autur.‘
1022 2923 1150 2982 Pretium
1167 2932 1196 2982 et
1211 2942 1263 3001 pro
1281 2942 1380 2982 merce
1480 2915 1481 2922 '

287 3021 317 3069 et
337 3027 389 3088 pro
411 3017 528 3067 veetnra
548 3006 644 3066 statim
667 3004 873 3079 adnumernbu,
897 3009 940 3068 uni
957 3019 987 3068 tu
1000 3007 1184 3086 inscripseris
1201 3016 1231 3064 et
1245 3017 1380 3085 qnantum

287 3092 453 3171 scripseris.
494 3088 719 3168 Respondissem
737 3091 821 3152 eitius
843 3089 880 3149 ad
904 3092 1015 3150 litteras
1037 3100 1120 3162 tuas,
1144 3090 1170 3148 si
1195 3108 1244 3150 eas
1266 3088 1303 3148 ad
1332 3109 1379 3150 me
1480 3093 1481 3156 i

286 3173 428 3234 Centurio
446 3173 511 3254 ipse
533 3169 695 3244 attulissem
717 3171 769 3233 sed
790 3185 881 3252 nuper
900 3171 1047 3233 admodum
1063 3171 1099 3232 ud
1117 3173 1265 3232 mevenit.
1304 3171 1380 3251 'Ego

288 3267 382 3320 autem
397 3265 545 3335 antequam
561 3274 624 3314 eum
638 3254 784 3332 viderem,
807 3256 854 3336 eui
869 3257 981 3318 litteras
997 3255 1033 3316 nd
1048 3267 1078 3314 te
1094 3266 1155 3315 tuto
1168 3253 1235 3315 dare
1248 3273 1377 3335 possem,

288 3341 461 3402 nesciebam.
512 3339 603 3406 Visus
627 3349 674 3398 est
698 3340 766 3400 milui
786 3338 953 3400 adolescens
978 3340 1197 3399 honestissimus
1221 3349 1250 3398 et
1274 3337 1379 3418 dignus

288 3437 346 3484 tum
360 3423 508 3483 nobilitate
525 3423 619 3501 gentis
637 3439 724 3496 sune,'
739 3435 798 3482 tum
814 3434 863 3483 tun
880 3422 1131 3484 commendatione.
1176 3421 1276 3500 ltaque
1288 3421 1380 3482 detuli

290 3509 318 3568 oi
336 3508 446 3587 prolixe
468 3523 531 3565 mea
547 3506 657 3568 omnies
680 3507 850 3586 omninoque
862 3519 928 3586 puto
944 3508 1024 3578 fore,
1047 3517 1156 3565 ntaute
1172 3505 1280 3585 aliquot
1299 3523 1381 3566 meu-
1421 3532 1427 3542 =
1479 3577 1480 3582 η

289 3609 338 3650 ses
357 3601 435 3652 extet
451 3590 569 3667 egregia
584 3589 677 3667 aliqua
694 3591 865 3669 significatio
882 3589 1033 3651 voluntatis
1051 3591 1081 3647 iu
1100 3609 1163 3648 eum
1177 3607 1268 3648 mene.
1305 3588 1380 3648 Mit-
1479 3637 1480 3656 ,

236 3740 241 3752 ,
287 3685 345 3734 tum
362 3672 398 3732 ad
415 3685 443 3733 te
460 3673 567 3752 scripto
580 3671 715 3751 quaedam
735 3693 815 3746 mea,
839 3674 1007 3752 simulatque
1022 3671 1072 3733 has
1089 3672 1200 3732 litteras
1217 3669 1252 3730 ad
1267 3683 1296 3732 te
1311 3692 1379 3751 per-
1479 3665 1480 3676 ¹

287 3757 359 3816 latas
374 3775 440 3816 esse
454 3775 625 3833 cognovere.
668 3755 713 3816 M.
733 3757 874 3816 Antonius
895 3758 996 3816 fratris
1009 3756 1065 3814 mei
1082 3754 1121 3815 Il.
1138 3766 1167 3814 te
1181 3755 1297 3826 salutat,
1313 3765 1379 3814 ore-

287 3839 340 3901 bro
359 3837 398 3899 de
416 3849 445 3898 ts
460 3838 601 3917 loquitur,
627 3849 702 3898 emat
717 3849 765 3911 te,
787 3850 821 3900 ut
833 3839 935 3912 debet,
959 3839 1120 3911 exanimo,
1144 3847 1175 3898 et
1193 3835 1229 3896 ad
1244 3849 1274 3900 te
1287 3854 1378 3918 prope
1479 3871 1480 3912 1

288 3921 363 4002 diem
381 3921 499 3984 scribet.
543 3919 594 3996 Tu.
606 3941 715 4004 quoque
732 3942 820 4002 perge
831 3943 930 3988 ¹annuero
947 3934 1094 4002 utrumque
1108 3927 1241 3983 'uestrum
1255 3932 1285 3984 et
1299 3921 1374 3982 vale.
1479 3939 1480 3969 n

288 4005 408 4068 Romae.
429 4003 504 4065 ltin.
523 3997 586 4064 Ian.
603 4001 827 4102 MDLXXXII.
852 4021 858 4036 ·
981 3996 1011 4065 0

299 4209 302 4214 ¹
343 4205 377 4264 n)
397 4207 510 4264 sequitur
529 4173 655 4264 responsio
670 4206 774 4264 Murett3
797 4219 811 4252 e
826 4217 874 4264 que
888 4207 970 4253 tumen
983 4205 1101 4252 eomloern
1115 4206 1186 4272 lieet,
1202 4207 1288 4268 pluro,
1303 4213 1378 4263 quam

287 4273 350 4320 qnae
363 4263 532 4336 molemus,
545 4264 624 4324 tuisse
638 4265 664 4312 ln
678 4264 781 4335 epistola
795 4263 954 4315 consuuntur.
982 4265 1095 4313 ¹l'uouuus.
1187 4321 1189 4328 Ι
1233 4285 1235 4292 ·
