2960 5070
470 251 833 320 rouu.run.xu1.
920 355 925 365 Ι
1014 231 1018 241 “

195 397 290 490 Multa
304 425 427 496 nuoienr
449 425 563 498 anima,
585 383 702 486 sanutus
725 415 878 486 comitatur
898 421 1012 489 entitern

194 513 340 610 Sgiritus,
362 520 392 572 et
414 509 504 610 robur
523 509 611 570 fessis
624 508 715 608 'senio
736 507 855 570 artubus
875 507 966 572 addit.

347 597 350 617 ¹
423 595 545 675 Redqua
565 593 779 654 eraderetur.

574 729 674 797 ΧΗ.
728 727 730 732 ’

704 799 708 804 ,
785 791 794 826 ,
858 813 860 820 y

192 815 309 912 Mente
327 849 424 912 Deum
444 868 516 930 pura
539 843 668 929 Quisquis
687 857 841 910 veneratur
860 845 1009 930 unatqtie,

160 941 161 946 ’
276 937 334 998 Vis
355 935 398 994 iili
421 944 486 995 ente
504 934 549 994 'or
571 932 649 993 nulia
669 951 774 994 neaera
794 942 897 1011 puteat.

193 1017 261 1082 Noa
281 1019 307 1078 si
329 1018 407 1078 illurn
428 953 579 1078 obsideant
601 1016 721 1076 hostiles
744 1013 866 1096 undique
886 1026 1016 1092 turmae,

217 1161 220 1168 .
277 1100 358 1177 Quas
380 1102 445 1162 aitis
466 1101 580 1160 innocui
600 1100 748 1178 sauguinis
768 1101 918 1178 exagitata·

151 1189 172 1246 ὅ
193 1185 260 1248 Non
274 1197 342 1258 ¹tote
363 1189 444 1244 eo'e‘at
466 1185 492 1244 si
512 1182 646 1262 quidquid
667 1183 697 1242 in
720 1181 790 1242 orbe
813 1183 940 1243 ferarum
960 1195 1024 1257 est,

162 1319 164 1328 ,
276 1268 318 1330 Et
338 1278 406 1348 quot
428 1268 458 1327 in
482 1267 592 1328 Oceani
616 1267 734 1346 gurgite
750 1277 881 1326 monstra
899 1277 1009 1338 natant.
1048 1315 1052 1321 .

192 1351 266 1426 lile,
290 1353 360 1412 lieet
380 1351 480 1411 tristes
503 1351 615 1428 agitent
636 1350 727 1410 maria
749 1349 807 1408 alta
829 1350 993 1430 procellae,

275 1433 473 1500 Undarumiu
494 1433 587 1494 medin
609 1435 716 1494 vertice
736 1442 812 1493 tutus
834 1434 902 1494 erit.
976 1498 986 1522 ι

191 1507 246 1598 dile
266 1519 398 1598 interque
418 1518 496 1578 ieras
518 1528 604 1597 atque
625 1519 738 1596 agmina
759 1535 846 1578 saeva
866 1518 1025 1592 latronum,

126 1605 171 1663 10
250 1601 368 1668 ,Noctu
389 1602 474 1662 etiam
496 1601 525 1660 in
548 1599 640 1672 medin
660 1611 737 1660 tutus
759 1601 815 1660 erit
836 1619 963 1660 nemore.
1060 1614 1065 1625 ’

190 1683 258 1745 Non
280 1703 462 1764 quaeeunque
482 1689 578 1744 true'es
600 1683 736 1745 adhihent
754 1693 895 1746 tormenta
917 1687 1050 1765 tyranni,

274 1768 357 1828 lilius
380 1787 501 1846 nuquam
522 1769 644 1830 animum
666 1767 827 1828 terrificare
848 1779 963 1847 queant.
1137 1827 1141 1837 ,

189 1849 265 1926 Pix,
288 1861 371 1924 rota,
394 1851 501 1924 rnhur,
525 1846 634 1930 equus,
656 1849 805 1912 candentis
826 1850 931 1910 lentina
950 1851 1040 1928 terri,
1139 1859 1144 1876 ⁸

275 1934 380 1995 Omnia
401 1955 453 2014 pro
474 1932 584 1995 Christi
607 1935 720 1994 nemine
738 1933 821 1994 indus
843 1943 937 1996 erunt.

128 2020 169 2078 iii
188 2015 322 2090 Felices,
345 2038 462 2098 quorum
483 2019 532 2077 iiie
553 2018 620 2078 iuris
641 2035 721 2078 arnor
741 2017 856 2078 oasihus
879 2017 992 2079 haesit!
1052 2019 1068 2032 *

269 2101 391 2176 Quanta
411 2101 477 2160 illos
499 2102 577 2161 obita
599 2102 726 2181 praemia
745 2111 836 2162 morte
858 2097 991 2162 manent!

190 2183 219 2246 0
240 2186 266 2246 si
289 2203 334 2246 nte
355 2181 494 2264 quondam
516 2203 634 2244 numeru
654 2182 743 2245 Deus·
759 2193 900 2262 aggreget
912 2183 982 2246 ’11111

273 2269 357 2343 Quae
377 2279 443 2328 tune
466 2288 530 2328 sors
555 2269 658 2329 melior
678 2279 757 2331 sorte
779 2269 875 2328 futura
898 2287 961 2329 mea
981 2267 1050 2330 est?

189 2348 239 2412 Ah
260 2350 396 2424 Christe,
421 2370 473 2412 ure
496 2371 588 2414 meum
611 2351 724 2411 tandem
746 2352 810 2410 iaee
832 2361 931 2430 peetus
954 2354 1063 2427 arniea,

56 2497 58 2510 ,
127 2437 170 2495 110
273 2434 358 2514 Eque
376 2435 462 2514 ,pigro
483 2435 605 2494 invisum
628 2434 740 2494 discute
763 2423 849 2494 eorde
871 2435 954 2514 gelu!
978 2494 982 2510 ,

189 2517 232 2582 Ut
250 2538 304 2580 nee
328 2537 431 2580 avarus
455 2537 525 2598 opes
547 2529 642 2578 secter
662 2537 754 2598 neque
776 2537 866 2579 vanus
888 2518 1033 2596 tonores,

275 2600 335 2664 Sed
356 2603 474 2681 flagrem
496 2601 559 2662 sele
579 2612 656 2662 totus
678 2620 775 2662 aurore
797 2601 857 2688 tui,

279 2745 282 2758 '
312 2763 414 2828 xuu.
457 2762 525 2826 un
554 2765 860 2829 euneuuuuuu
889 2767 979 2831 xur.

511 2881 649 2932 ΡΟΝΤ.
686 2882 795 2930 MAX.

191 2939 261 3044 Qui
283 2971 337 3034 tihi
359 2971 396 3034 ah
417 2971 482 3034 Eoo
506 2973 643 3054 repetitas
666 2972 763 3034 littore
784 2974 908 3036 eonehas

272 3056 382 3117 Divitis
404 3069 454 3117 aut
473 3056 537 3117 auri
558 3053 684 3137 pondera
706 3056 791 3117 multa
811 3058 904 3120 ferat:

188 3138 272 3202 Illum
294 3161 349 3220 ego
369 3140 445 3202 seire
465 3141 583 3220 negem,
607 3159 679 3220 quae
699 3151 747 3213 tn,
768 3135 859 3202 Pater
878 3142 1001 3221 optime,
1022 3141 1110 3226 dona,

272 3223 374 3304 Lange
395 3245 465 3285 auro
487 3235 517 3284 et
537 3224 656 3301 gemmis
678 3223 864 3288 anteferenda
886 3237 981 3306 putes.

147 3305 255 3368 hUna
274 3308 326 3368 tihi
349 3308 458 3382 virtus,
480 3308 572 3398 virtug
595 3307 624 3366 in
644 3308 789 3368 amoribus
812 3329 868 3368 una
889 3322 954 3384 est,

272 3389 371 3454 Verae
392 3404 422 3452 et
443 3390 559 3452 virtutis
582 3391 677 3470 gloria
696 3411 765 3452 veru
788 3412 895 3453 eomes.

188 3469 271 3554 Ergo
291 3485 322 3534 nt
342 3494 440 3534 amans
463 3475 567 3535 tabuiis
587 3473 717 3536 dominae
740 3475 931 3536 referentibus
954 3496 1006 3538 ora

246 3579 248 3590 ¹
273 3555 405 3630 Gaudet,
428 3567 544 3642 etanta
564 3556 662 3618 oeulos
685 3577 798 3638 semper
817 3558 925 3620 hahere
945 3562 1042 3644 cupita

188 3639 241 3702 Sie
263 3651 292 3702 te
314 3661 451 3721 expressa
472 3642 551 3702 iuvat
570 3660 659 3701 verae
680 3641 793 3702 virtutis
816 3643 928 3722 image,
1010 3637 1015 3654 '

130 3725 172 3784 te
274 3723 338 3784 Nee
360 3724 455 3784 tabula
475 3735 521 3786 est
540 3724 631 3784 oeulis
654 3726 764 3803 gratier
785 3725 843 3784 ulla
865 3723 934 3785 tuis.

188 3803 261 3868 'rate
280 3807 369 3886 igitur
388 3827 487 3869 munus
512 3808 565 3868 tihi
585 3827 659 3868 nune
678 3806 873 3871 Pieolominus
894 3807 997 3886 offert,

271 3891 410 3952 Senensis
432 3891 546 3972 praesul
567 3891 661 3971 gioria
683 3892 774 3970 primu
793 3891 868 3954 solia

185 3969 311 4036 Bisseue
330 3973 449 4036 Aeneae
470 3975 605 4036 eouelusa
625 3975 767 4035 volumine
789 3975 866 4038 iacta

169 4089 175 4095 ·
270 4056 420 4119 Pontificis
442 4078 510 4118 vere
531 4060 644 4118 numine
665 4078 752 4136 reque
772 4059 832 4120 Pii.

127 4143 168 4216 18
190 4137 249 4216 Qui
267 4142 373 4203 virtute
394 4142 462 4202 olim
482 4141 579 4204 sedem
599 4152 752 4222 provectus
772 4141 808 4202 ad
822 4143 933 4216 istam,

270 4223 320 4285 Ad
341 4245 423 4306 quam
443 4225 542 4286 eudem
562 4226 655 4286 virtus
676 4236 724 4298 te,
746 4224 838 4314 Pater
859 4227 953 4300 aime,
975 4225 1058 4302 tulit,

160 4376 330 4438 auitae
358 4379 396 4430 et.
409 4367 728 4432 numennumen.
755 4383 867 4430 uum*
