2960 5070
244 269 352 355 ·m
460 231 463 238 ’
590 234 1030 335 ·mfflmm”

330 445 350 497 a
373 435 478 498 Omnia
498 431 655 516 deprendet
673 433 759 512 longe
782 434 946 512 superantia
968 437 1089 514 lamam,
1142 427 1144 444 ¹

371 521 512 582 Nectum
533 516 651 594 regifico
673 526 837 582 constructa
857 518 964 597 palatia
985 535 1100 592 sumto,

370 597 507 680 duroque
528 599 628 660 illusas
649 597 736 658 aedes
757 598 923 679 radiataque
946 611 1039 674 tecta,

304 683 306 692 ’
346 707 349 716 ’
372 689 463 762 Quam
488 703 600 762 semper
622 681 728 743 virides
751 702 859 742 mecum
881 681 1068 746 admirabitur
1088 685 1187 748 bertus

315 772 321 782 '
370 769 411 830 Et
432 766 542 848 gelidos
565 768 657 826 fontes
680 777 710 825 et
731 785 832 846 aquam
853 767 882 824 in
905 767 1026 826 sublime
1046 769 1189 830 volantem

311 859 351 916 lb
374 855 469 932 Seque
489 851 520 910 iu
541 850 892 934 multiplicesvertentem
903 893 915 926 ,
939 861 970 909 ut
989 851 1116 926 Protea,
1141 855 1262 917 formas.

454 935 615 1014 Praecipue
637 943 731 995 manen
752 933 795 992 illi
815 935 938 994 animum
959 937 1085 998 novitate
1108 939 1234 1000 monrehit
1276 967 1278 975 ·

371 1019 515 1091 Excisus,
539 1037 588 1080 res
610 1017 701 1078 mira!
724 1017 800 1078 silex
821 1035 963 1098 rupesque
985 1027 1103 1081 cavatae
1174 1050 1177 1055 ·

371 1103 413 1166 Et
434 1104 482 1164 via
503 1103 579 1162 iacta
600 1120 685 1162 mann
704 1100 783 1180 longi
804 1103 990 1180 perviscera
1012 1104 1136 1165 montisc

372 1187 439 1264 Qua
459 1205 492 1246 se
513 1183 590 1246 Anio
614 1197 696 1265 pater
716 1186 829 1245 insueto
850 1186 1031 1264 pervolveret
1049 1189 1143 1250 alveo.

312 1277 351 1334 tt
373 1272 433 1347 Qui
453 1270 568 1349 longum
589 1289 642 1349 per
654 1270 722 1330 *iter
741 1269 895 1332 tenebroso
915 1272 1029 1332 tramite
1050 1272 1167 1352 lapsus,
1200 1308 1202 1316 ι

334 1349 339 1362 ’
371 1355 459 1427 Exit,
483 1365 511 1414 et
532 1353 683 1430 arboribus
705 1351 819 1432 gelidae
840 1373 897 1413 non
918 1353 1025 1415 invidet
1047 1355 1151 1421 undae.

457 1438 540 1506 Stant
561 1436 672 1497 habiles
693 1446 812 1517 propter
832 1421 1004 1518 Nymphae',
1027 1437 1213 1520 lymphasque
1234 1442 1344 1520 paratis

344 1538 345 1543 ’
372 1519 516 1601 Exceptas
538 1521 617 1580 urnis
641 1522 670 1579 io
691 1540 763 1580 vasa
780 1523 898 1599 capacia
919 1520 1048 1581 fundunt.
1218 1551 1219 1556 ¹

372 1606 460 1665 Parte
483 1603 539 1664 alia
560 1605 623 1684 ipse
645 1603 706 1662 suis
728 1602 876 1664 altricibus
898 1603 992 1666 adstat
1012 1605 1150 1680 lacobus,

311 1695 353 1750 20
373 1689 555 1765 Materniquc
577 1707 685 1746 memor
707 1707 792 1745 casus
815 1687 999 1766 flammaeque
1018 1701 1173 1768 paternae,
1234 1720 1237 1732 ·

374 1771 488 1834 Gaudet
505 1772 589 1849 aquis
612 1771 727 1848 illisque
750 1768 843 1849 libens
866 1791 919 1830 sua
940 1791 1058 1832 munera
1080 1775 1201 1834 miscet..

457 1853 535 1914 Dum
554 1867 674 1942 ptnpeo,
697 1864 754 1912 tam
778 1854 864 1923 motta
882 1853 983 1916 videns
1006 1847 1144 1917 miracula
1163 1877 1280 1918 rerum:
1307 1868 1315 1918 Ἀ

220 1952 222 1960 “
274 1938 277 1944 ’
373 1935 454 2014 Ecce
474 1958 563 1998 nonnus
585 1936 683 2016 procul
705 1937 822 1996 alituum
844 1950 998 1998 concentus
1020 1940 1057 2000 ad
1076 1961 1161 2002 aures
1286 1933 1291 1942 ”

374 2021 503 2094 Fertur,
528 2033 558 2081 et
579 2021 694 2080 insolita
714 2031 837 2081 mentem
860 2019 1010 2082 dulcedine
1032 2026 1134 2104 tangit.

291 2113 352 2168 .ἳὸ
373 2106 513 2186 Aspicis,
537 2116 567 2164 et
588 2125 719 2183 gressum
742 2104 858 2184 propius
880 2107 964 2178 ler03
988 2129 1110 2188 corpora
1129 2127 1217 2172 cerne

373 2189 468 2250 Parva
492 2207 528 2248 ex
549 2208 616 2249 aere
638 2189 753 2260 avium,
775 2189 883 2248 aeratis
904 2191 1025 2252 nitentia
1046 2194 1153 2267 ramis,

373 2271 504 2348 Daedala
525 2273 605 2350 queis
629 2273 737 2335 variam
760 2270 861 2332 tribuit
881 2275 1011 2336 sollertia
1032 2296 1142 2340 vocem.

375 2358 578 2434 Quamcunque
600 2354 764 2435 adspicias,
787 2352 903 2415 delusus
924 2358 1068 2436 imagine,
1091 2381 1188 2423 veram

271 2495 275 2507 ,
374 2440 452 2501 Esse
473 2449 556 2520 putes
576 2439 737 2500 volucremz
762 2440 819 2498 nisi
843 2438 917 2518 quod
940 2462 997 2500 non
1019 2444 1113 2504 evolat
1134 2465 1271 2525 usquam,

312 2532 354 2588 50
374 2524 432 2587 Sed
451 2524 538 2583 ramis
559 2523 641 2582 affixa
662 2523 722 2580 iuis
744 2533 829 2582 cantu
849 2523 967 2584 aethera
988 2527 1103 2586 mulcet.

229 2603 233 2612 ’
374 2607 415 2668 At
436 2626 522 2667 verae
543 2609 681 2666 mirantur
701 2625 786 2676 aves,
811 2617 841 2665 et
859 2605 966 2667 cedere
985 2608 1051 2670 dum
1072 2630 1107 2670 se

374 2695 471 2770 Turpe
491 2700 606 2769 putant,
628 2688 745 2768 liquidis
766 2688 823 2748 late
845 2693 939 2751 omnia
959 2693 1105 2770 questibus
1125 2693 1254 2774 implent.

177 2815 188 2847 a
377 2777 435 2836 llic
456 2774 554 2833 Lucae
576 2775 712 2853 egregins
733 2771 815 2832 labor
835 2785 900 2847 est,
924 2796 1006 2855 quem
1030 2778 1163 2857 Sequana
1182 2791 1266 2858 partu

378 2856 535 2932 Ediderat,
559 2857 651 2920 Siculi
671 2869 854 2918 renovantem
875 2860 989 2920 inventa
1009 2862 1153 2940 magistri.

314 2947 355 3004 55
458 2941 553 3017 Quid,
574 2961 656 3020 qoem
679 2963 734 3002 uon
756 2953 868 3002 moveat
882 2963 1011 3024 cygnum
1035 2945 1170 3008 mentitus
1191 2945 1324 3022 adulter,

282 3086 284 3091 ,
378 3024 504 3086 lllndens
526 3026 612 3086 simili
634 3027 789 3105 spirantem
812 3045 829 3085 e
851 3047 992 3090 marmore
1013 3027 1141 3102 Ledam,

374 3109 555 3188 Deliciisque
577 3110 689 3169 suiset
708 3128 842 3187 aquarum
867 3131 1010 3172 murmure
1033 3113 1151 3174 lactus?

374 3194 522 3272 Multaque
543 3203 693 3272 praeterea
712 3203 840 3252 veterum
861 3194 1014 3256 simulacra
1034 3194 1181 3269 Deorum,

374 3276 456 3337 Artis
479 3297 549 3356 opus
574 3278 704 3356 priscae.
741 3275 868 3336 Cunctos
890 3299 987 3340 verum
1009 3281 1114 3342 arduus
1136 3281 1213 3344 inter

313 3365 354 3421 40
375 3360 492 3420 Eminet
510 3359 648 3420 Alcidess
673 3361 720 3440 qui
742 3373 874 3439 spectans
895 3366 992 3423 omnia
1013 3367 1140 3439 circum,

374 3442 565 3526 Hesperidum
586 3456 701 3506 veteres
722 3443 820 3504 hortos
842 3466 910 3525 prae
933 3449 1041 3510 Tibure
1062 3452 1173 3510 temnit.
1279 3472 1282 3480 ’

367 3597 369 3610 Ι
458 3527 606 3608 ὃεᾱηηίἀ
626 3547 682 3608 ego
702 3526 774 3588 hace
797 3549 882 3590 versu
903 3532 1089 3612 nequidquam
1112 3532 1259 3596 includere
1282 3539 1390 3612 tento?

373 3611 434 3670 lam
457 3611 566 3691 pridem
579 3614 720 3690 'exignum
741 3608 911 3694 praescripti
934 3618 1068 3676 carminis
1090 3616 1202 3684 orbern¹

373 3692 515 3756 Excessi:
541 3708 570 3756 et
591 3694 676 3756 dictis
699 3715 813 3778 semper
834 3701 943 3759 maiora
963 3713 1127 3782 supersunt.
1151 3705 1152 3708 ’
1186 3769 1189 3778 ,

230 3853 279 3902 m
623 3845 1047 3936 mannum

374 3947 1144 4060 Qmmmmmmmmm

456 4061 647 4140 conciderat,
669 4067 795 4147 priscum
815 4068 1035 4150 perdideratque
1055 4070 1163 4134 decus:

293 4165 580 4184 Q...

343 4207 378 4264 a)
399 4207 453 4256 Hoc
470 4221 566 4258 carmen
586 4226 659 4270 quum
678 4223 726 4266 neh
747 4219 828 4266 solum
846 4218 873 4264 ln
891 4221 1018 4266 Ruhnken.
1034 4222 1078 4267 sed
1097 4221 1171 4268 etiam
1188 4218 1214 4266 in
1228 4219 1345 4268 Thomas.
1361 4227 1385 4269 et

265 4275 267 4282 ’
288 4265 374 4312 Veron.
391 4267 443 4313 edu.
458 4269 546 4338 dudum
560 4273 689 4332 legeretur,
704 4277 821 4331 tenemium
834 4279 937 4326 muron
950 4279 1043 4336 edttsmq
1060 4291 1093 4325 cx
1107 4277 1188 4334 Piguit
1203 4280 1384 4326 commentariis

287 4323 431 4377 quibusdam
444 4325 575 4372 itinerariis
588 4341 665 4384 nuper
680 4335 842 4388 promulgavit
857 4336 918 4380 Luo.
934 4337 1059 4382 Taosarus
1074 4337 1101 4384 ta
1114 4339 1180 4383 lehre
1193 4337 1284 4382 Annal.
1297 4337 1384 4394 philol.

286 4383 312 4426 et
325 4381 395 4437 pand.
411 4383 480 4430 1883.
495 4387 617 4441 supplem.
631 4391 662 4434 11.
677 4389 699 4434 2.
713 4390 839 4446 pagssslss.
867 4393 912 4438 Fa.
966 4397 969 4400 '
1236 4395 1238 4400 '
1327 4423 1340 4432 ··
