2960 5070
175 290 179 302 ·
256 261 345 356 nan
447 348 454 358 ‚
678 255 931 320 nuvnunnrnr

344 367 346 372 ¹
456 491 458 498 ,
507 423 622 488 xnrn.
672 421 1097 492 rnronrrcum

284 545 287 568 ’
342 527 474 642 Saepius
496 558 562 618 hine
582 555 663 618 illine
684 553 768 618 video
789 555 860 628 tibi,
882 554 1022 630 Pontice,
1046 561 1120 620 mitti

427 642 562 703 Carmina
582 639 689 701 indicio
710 636 887 698 subiicienda
906 649 974 712 tuo,

262 779 265 792 .
346 725 435 807 ldqse
455 745 473 786 a
494 723 647 788 divitibns;
671 717 860 801 nequeenim
882 732 948 794 tna,
972 717 1113 800 Pontice,
1135 728 1287 808 quisquam·

335 876 339 887 Ι
430 806 640 868 Emendatnrus
662 805 760 866 limina
780 823 888 886 pauper
907 803 978 866 adit.

269 918 275 926 ·
306 899 326 951 s
350 891 427 968 Quid
449 889 574 952 mirum?
595 889 780 969 nequeenim
804 888 896 966 possit
915 886 985 948 dare
1005 907 1121 950 munera
1141 911 1267 976 pauper:

431 973 495 1034 Nee
510 983 564 1045 te,
587 991 658 1052 qnae
678 972 794 1031 veniunt
815 969 942 1031 earmina
963 971 1043 1044 sola,
1067 973 1184 1049 iuvant3
1212 997 1214 1006 ¹

348 1056 443 1118 Mittit
465 1067 494 1118 at
516 1055 563 1116 luie
585 1073 729 1134 gemmas,
753 1053 826 1112 alins
847 1073 909 1114 enm
933 1055 1063 1118 versibus
1085 1076 1200 1133 aurum,

431 1140 473 1203 Ut
493 1149 624 1200 constent
644 1147 748 1218 ope'rae
768 1137 894 1216 praemia
914 1135 1098 1216 dignatque.
1297 1211 1300 1214 ,

349 1223 414 1296 Tu,
435 1223 502 1304 qnia
524 1211 688 1293 muperibus
710 1220 841 1298 caperis,
864 1219 938 1282 mala
959 1222 1084 1284 earmina
1105 1219 1225 1306 laudas,

196 1348 199 1356 ι
289 1307 329 1368 10
432 1304 534 1365 Altera
555 1305 674 1364 mentita
693 1303 767 1362 retia
787 1299 871 1362 laude
891 1322 986 1380 paras.

351 1386 427 1462 Quid
449 1381 621 1454 oorreetoris
643 1385 716 1446 falso
738 1395 766 1444 te
787 1387 900 1444 nomine
921 1384 1034 1445 iactas?

434 1470 469 1534 ld
489 1489 545 1532 non
566 1469 714 1558 corrigere
737 1475 800 1540 est,
822 1467 961 1541 Pontice,
984 1467 1121 1550 colligere
1142 1483 1197 1542 est,

558 1633 671 1699 xnrv.
715 1591 775 1696 tur
807 1631 1064 1698 nonnum.

352 1745 464 1838 Aurea
484 1795 540 1836 non
561 1773 635 1837 vana
654 1777 745 1836 iaetus
764 1783 814 1834 tna
833 1775 960 1836 earmina
977 1795 1066 1839 voees

413 1918 414 1924 ,
437 1858 562 1940 Purgari
585 1859 648 1920 solo
670 1875 770 1938 nempe
788 1857 863 1937 quod
884 1859 952 1938 igno
973 1870 1088 1956 queunt·

202 2039 252 2090 eoo
318 2019 417 2088 xtv.
469 2010 703 2088 nnsucrs‘co
725 2019 959 2088 momcsuno
981 2023 1307 2094 uunutesnnusn‘
1340 2014 1345 2018 “

438 2141 614 2234 Moneande
634 2174 758 2254 optime,
779 2175 827 2237 eui
846 2193 947 2234 novem
964 2194 1085 2245 sorores

439 2257 532 2316 Sertis
554 2268 682 2338 tempora
703 2258 809 2318 laureis
832 2269 984 2330 coronant,

439 2339 531 2414 Quem
551 2350 644 2400 vatem
664 2343 794 2418 geminus
816 2360 897 2402 suum
919 2337 1048 2422 Cupido,

438 2423 530 2498 Quem
552 2433 644 2484 vatem
665 2425 791 2501 genitrix
813 2443 892 2488 suum
913 2421 1027 2498 Dione,

437 2506 549 2583 Spretis
573 2505 723 2578 omnibus,
745 2507 857 2566 unieutn
880 2507 1004 2580 salutat,

439 2587 509 2648 lllos
529 2587 686 2668 versiculos
708 2588 926 2668 perelegantes,

439 2670 515 2736 Illos
529 2669 688 2734 versiculos
708 2670 934 2751 perimpudiens,

291 2749 295 2754 ’
388 2781 390 2789 ·
423 2752 503 2816 ‘Neo
525 2765 620 2814 castos
640 2755 726 2814 nimis
747 2764 777 2814 et
796 2755 881 2829 nimis
903 2765 1058 2830 venustos,

439 2835 565 2908 Molles,
586 2837 780 2918 improhulos,
802 2835 990 2910 libidinosos,

330 2975 334 2980 ,
439 2917 605 2994 Edrontes,
627 2921 774 3001 pathions,
796 2919 993 2992 Catullinnos,

439 3001 500 3063 Per
519 3001 613 3062 ludum
633 3004 704 3065 miti
727 3023 796 3083 quos
819 3004 882 3063 heri
904 3001 1027 3075 dedisti,

438 3085 517 3156 lam,
539 3083 626 3145 oredo
648 3083 782 3158 hercule,
805 3087 909 3149 millies
930 3087 1033 3166 retegi.

522 3167 563 3228 Ut
582 3179 649 3228 sunt
669 3169 819 3230 molliculi!
843 3180 873 3228 nt
893 3170 982 3229 lluunt
1003 3168 1155 3240 decenter!

438 3247 480 3310 Ut
500 3251 610 3330 spirant
629 3251 775 3314 Venerem
792 3249 971 3330 undiquaque
990 3256 1094 3318 totam!

437 3333 477 3393 llt
497 3335 614 3397 vineunt
634 3333 813 3414 Sybaritioos
833 3335 951 3415 po'e'tasl
1019 3354 1021 3360 ·

438 3415 498 3488 Ut,
522 3416 595 3495 quod
616 3419 740 3500 pruriat,
762 3417 885 3482 innitare
903 3429 1041 3499 possunt,
1063 3427 1064 3430 ’

438 3498 505 3558 Non
529 3499 593 3561 dieo
612 3500 727 3562 senibus
749 3498 831 3559 modo
853 3499 897 3560 his
920 3503 1039 3581 pilosis,

438 3581 549 3648 Verum
570 3577 781 3673 decrepitisque
799 3585 993 3664 mortuisque,

439 3665 472 3730 Sl
494 3663 643 3746 quidquam
664 3677 730 3748 pote
751 3677 875 3726 mortuos
897 3687 1012 3728 movere
1032 3677 1088 3729 est.

522 3746 611 3827 Atqui
632 3748 729 3816 dicere
749 3751 777 3814 tu
798 3761 892 3812 tamen
914 3751 1026 3810 solebas
1149 3774 1151 3784 ’

438 3828 583 3894 Ludorum
601 3843 630 3892 et
650 3831 673 3892 C
696 3832 776 3914 priae
797 3831 894 3895 rudem
908 3834 1096 3914 palaestrae,
1123 3864 1125 3868 ’

438 3913 548 3992 Meque
568 3915 616 3974 llla
637 3854 780 3976 indueras
800 3916 943 3997 opinione,
1088 3929 1089 3938 ¹

441 3997 492 4061 Nil
515 4007 544 4057 to
565 4009 595 4061 ut
615 3998 773 4076 uirgineum
794 4000 885 4076 magis
907 4009 1053 4080 putarem:

439 4079 516 4153 Quin
540 4081 740 4159 etlversihus,
765 4081 927 4160 impudens,
952 4083 981 4140 in
1003 4083 1075 4161 ipsis

440 4163 562 4242 Semper
580 4162 761 4236 dissimulas,
784 4163 929 4244 adhucque
951 4163 1039 4226 sumis

441 4245 559 4311 Tironis
580 4247 633 4306 tibi
655 4266 756 4307 nomen
778 4249 941 4327 imperator.

525 4329 590 4394 uto
612 4327 728 4425 desines
751 4333 810 4396 teo*
833 4349 887 4415 ogo
908 4343 939 4392 ut
959 4329 1089 4417 pudicum
1147 4399 1151 4406 ,
