<?xml version="1.0" encoding="UTF-8"?>
<!DOCTYPE html PUBLIC "-//W3C//DTD XHTML 1.0 Transitional//EN"
    "http://www.w3.org/TR/xhtml1/DTD/xhtml1-transitional.dtd">
<html xmlns="http://www.w3.org/1999/xhtml" xml:lang="en" lang="en">
 <head>
  <title>
</title>
<meta http-equiv="Content-Type" content="text/html;charset=utf-8" />
  <meta name='ocr-system' content='tesseract 3.04.00' />
  <meta name='ocr-capabilities' content='ocr_page ocr_carea ocr_par ocr_line ocrx_word'/>
</head>
<body>
  <div class='ocr_page' id='page_1' title='image "./mantoniimuretio00lazegoog_0037.png"; bbox 0 0 2992 5066; ppageno 0'>
   <div class='ocr_carea' id='block_1_1' title="bbox 299 881 1271 1060">
    <p class='ocr_par' dir='ltr' id='par_1_1' title="bbox 299 881 1271 1063">
     <span class='ocr_line' id='line_1_1' title="bbox 299 881 1271 1060; baseline 0.005 -17"><span class='ocrx_word' id='word_1_1' title='bbox 299 929 303 936; x_wconf 81' lang='grc'><strong>’</strong></span> <span class='ocrx_word' id='word_1_2' title='bbox 328 953 392 1044; x_wconf 83' lang='grc' dir='ltr'><strong>Μ.</strong></span> <span class='ocrx_word' id='word_1_3' title='bbox 421 881 709 1046; x_wconf 75' lang='lat' dir='ltr'><strong>aureum</strong></span> <span class='ocrx_word' id='word_1_4' title='bbox 735 945 1019 1045; x_wconf 81' lang='lat' dir='ltr'><strong>uunnrr</strong></span> <span class='ocrx_word' id='word_1_5' title='bbox 1048 885 1055 932; x_wconf 68' lang='lat'><strong>²</strong></span> <span class='ocrx_word' id='word_1_6' title='bbox 1082 955 1088 1012; x_wconf 80' lang='lat'><strong>·.</strong></span> <span class='ocrx_word' id='word_1_7' title='bbox 1196 1000 1271 1060; x_wconf 65' lang='lat' dir='ltr'><strong>,a</strong></span> 
     </span>
    </p>
   </div>
   <div class='ocr_carea' id='block_1_2' title="bbox 119 1180 1208 1320">
    <p class='ocr_par' dir='ltr' id='par_1_2' title="bbox 119 1180 1208 1320">
     <span class='ocr_line' id='line_1_2' title="bbox 119 1180 1208 1320; baseline 0.007 -24"><span class='ocrx_word' id='word_1_8' title='bbox 119 1180 1208 1320; x_wconf 71' lang='lat' dir='ltr'><strong>urtsuoha&#39;tttltt</strong></span> 
     </span>
    </p>
   </div>
   <div class='ocr_carea' id='block_1_3' title="bbox 422 1387 905 1492">
    <p class='ocr_par' dir='ltr' id='par_1_3' title="bbox 422 1387 905 1524">
     <span class='ocr_line' id='line_1_3' title="bbox 422 1387 905 1492; baseline -0.002 -2"><span class='ocrx_word' id='word_1_9' title='bbox 422 1419 617 1490; x_wconf 76' lang='lat' dir='ltr'><strong>mnan</strong></span> <span class='ocrx_word' id='word_1_10' title='bbox 657 1387 905 1492; x_wconf 74' lang='lat' dir='ltr'><strong>antuus</strong></span> 
     </span>
    </p>
   </div>
   <div class='ocr_carea' id='block_1_4' title="bbox 555 1611 779 1640">
    <p class='ocr_par' dir='ltr' id='par_1_4' title="bbox 555 1611 779 1640">
     <span class='ocr_line' id='line_1_4' title="bbox 555 1611 779 1640; baseline 0 -3"><span class='ocrx_word' id='word_1_11' title='bbox 555 1611 779 1640; x_wconf 57' lang='lat' dir='ltr'><strong>m</strong></span> 
     </span>
    </p>
   </div>
   <div class='ocr_carea' id='block_1_5' title="bbox 195 1695 1069 1814">
    <p class='ocr_par' dir='ltr' id='par_1_5' title="bbox 195 1695 1069 1814">
     <span class='ocr_line' id='line_1_5' title="bbox 195 1695 1069 1814; baseline 0.002 -4"><span class='ocrx_word' id='word_1_12' title='bbox 195 1739 710 1814; x_wconf 54' lang='lat' dir='ltr'><strong>‘npftstotn</strong></span> <span class='ocrx_word' id='word_1_13' title='bbox 777 1695 1069 1812; x_wconf 41' lang='lat' dir='ltr'><strong>Ptttttns</strong></span> 
     </span>
    </p>
   </div>
   <div class='ocr_carea' id='block_1_6' title="bbox 328 1901 1154 2058">
    <p class='ocr_par' dir='ltr' id='par_1_6' title="bbox 328 1885 1154 2058">
     <span class='ocr_line' id='line_1_6' title="bbox 328 1901 1154 2058; baseline 0.002 -45"><span class='ocrx_word' id='word_1_14' title='bbox 328 1938 380 2013; x_wconf 84' lang='grc' dir='ltr'><strong>Μ.</strong></span> <span class='ocrx_word' id='word_1_15' title='bbox 405 1901 1000 2058; x_wconf 78' lang='lat' dir='ltr'><strong>aurourusmuunrus</strong></span> <span class='ocrx_word' id='word_1_16' title='bbox 1042 2025 1046 2038; x_wconf 24' lang='lat'><strong><em>¹</em></strong></span> <span class='ocrx_word' id='word_1_17' title='bbox 1151 1917 1154 1922; x_wconf 86' lang='grc'>’</span> 
     </span>
    </p>
   </div>
   <div class='ocr_carea' id='block_1_7' title="bbox 119 2099 1206 2319">
    <p class='ocr_par' dir='ltr' id='par_1_7' title="bbox 119 2099 1206 2319">
     <span class='ocr_line' id='line_1_7' title="bbox 119 2099 1206 2210; baseline -0.002 -11"><span class='ocrx_word' id='word_1_18' title='bbox 119 2130 314 2200; x_wconf 78' lang='lat' dir='ltr'><strong>masur</strong></span> <span class='ocrx_word' id='word_1_19' title='bbox 340 2132 573 2204; x_wconf 77' lang='lat' dir='ltr'><strong>steorte</strong></span> <span class='ocrx_word' id='word_1_20' title='bbox 595 2133 637 2202; x_wconf 85' lang='lat' dir='ltr'><strong>v.</strong></span> <span class='ocrx_word' id='word_1_21' title='bbox 659 2134 814 2207; x_wconf 77' lang='lat' dir='ltr'><strong>enan.</strong></span> <span class='ocrx_word' id='word_1_22' title='bbox 836 2099 1206 2210; x_wconf 60' lang='lat' dir='ltr'><strong>&#39;nonsummum</strong></span> 
     </span>
     <span class='ocr_line' id='line_1_8' title="bbox 506 2249 809 2319; baseline -0.01 -1"><span class='ocrx_word' id='word_1_23' title='bbox 506 2249 676 2319; x_wconf 80' lang='lat' dir='ltr'><strong>unam</strong></span> <span class='ocrx_word' id='word_1_24' title='bbox 704 2250 741 2318; x_wconf 89' lang='lat' dir='ltr'><strong>s.</strong></span> <span class='ocrx_word' id='word_1_25' title='bbox 765 2251 809 2318; x_wconf 90' lang='lat' dir='ltr'><strong>o.</strong></span> 
     </span>
    </p>
   </div>
   <div class='ocr_carea' id='block_1_8' title="bbox 115 2468 1312 3520">
    <p class='ocr_par' dir='ltr' id='par_1_8' title="bbox 115 2468 1312 3520">
     <span class='ocr_line' id='line_1_9' title="bbox 117 2468 1215 2606; baseline 0.005 -27"><span class='ocrx_word' id='word_1_26' title='bbox 117 2468 260 2582; x_wconf 78' lang='lat' dir='ltr'><strong>Multae</strong></span> <span class='ocrx_word' id='word_1_27' title='bbox 282 2539 401 2590; x_wconf 81' lang='lat' dir='ltr'><strong>caussae</strong></span> <span class='ocrx_word' id='word_1_28' title='bbox 423 2533 503 2596; x_wconf 87' lang='lat' dir='ltr'><strong>sunt,</strong></span> <span class='ocrx_word' id='word_1_29' title='bbox 528 2523 649 2583; x_wconf 88' lang='lat' dir='ltr'><strong>loannes</strong></span> <span class='ocrx_word' id='word_1_30' title='bbox 672 2521 789 2596; x_wconf 87' lang='lat' dir='ltr'><strong>Niceti,</strong></span> <span class='ocrx_word' id='word_1_31' title='bbox 820 2524 867 2584; x_wconf 85' lang='lat' dir='ltr'><strong>vir</strong></span> <span class='ocrx_word' id='word_1_32' title='bbox 889 2525 1068 2598; x_wconf 78' lang='lat' dir='ltr'><strong>clarissime,</strong></span> <span class='ocrx_word' id='word_1_33' title='bbox 1091 2535 1215 2606; x_wconf 85' lang='lat' dir='ltr'><strong>propter.</strong></span> 
     </span>
     <span class='ocr_line' id='line_1_10' title="bbox 117 2607 1205 2688; baseline 0.002 -24"><span class='ocrx_word' id='word_1_34' title='bbox 117 2626 187 2685; x_wconf 87' lang='lat' dir='ltr'><strong>quas</strong></span> <span class='ocrx_word' id='word_1_35' title='bbox 204 2609 370 2685; x_wconf 80' lang='lat' dir='ltr'><strong>magnorum</strong></span> <span class='ocrx_word' id='word_1_36' title='bbox 385 2617 414 2666; x_wconf 92' lang='lat' dir='ltr'><strong>et</strong></span> <span class='ocrx_word' id='word_1_37' title='bbox 431 2607 585 2666; x_wconf 84' lang='lat' dir='ltr'>illustrium</span> <span class='ocrx_word' id='word_1_38' title='bbox 602 2607 727 2666; x_wconf 89' lang='lat' dir='ltr'><strong>virorum</strong></span> <span class='ocrx_word' id='word_1_39' title='bbox 745 2607 883 2686; x_wconf 86' lang='lat' dir='ltr'><strong>epistolae</strong></span> <span class='ocrx_word' id='word_1_40' title='bbox 899 2610 1077 2688; x_wconf 69' lang='lat' dir='ltr'><strong>expetantur.</strong></span> <span class='ocrx_word' id='word_1_41' title='bbox 1122 2609 1205 2680; x_wconf 86' lang='lat' dir='ltr'><strong>Sunt,</strong></span> 
     </span>
     <span class='ocr_line' id='line_1_11' title="bbox 118 2690 1205 2772; baseline 0.002 -24"><span class='ocrx_word' id='word_1_42' title='bbox 118 2710 188 2769; x_wconf 90' lang='lat' dir='ltr'><strong>quas</strong></span> <span class='ocrx_word' id='word_1_43' title='bbox 218 2692 359 2750; x_wconf 87' lang='lat' dir='ltr'><strong>sermonis</strong></span> <span class='ocrx_word' id='word_1_44' title='bbox 389 2691 466 2749; x_wconf 90' lang='lat' dir='ltr'><strong>nitor</strong></span> <span class='ocrx_word' id='word_1_45' title='bbox 489 2700 518 2749; x_wconf 93' lang='lat' dir='ltr'><strong>ct</strong></span> <span class='ocrx_word' id='word_1_46' title='bbox 540 2691 681 2768; x_wconf 81' lang='lat' dir='ltr'><strong>elegantia</strong></span> <span class='ocrx_word' id='word_1_47' title='bbox 704 2700 733 2748; x_wconf 90' lang='lat' dir='ltr'><strong>et</strong></span> <span class='ocrx_word' id='word_1_48' title='bbox 754 2693 849 2750; x_wconf 85' lang='lat' dir='ltr'><strong>nativa</strong></span> <span class='ocrx_word' id='word_1_49' title='bbox 869 2692 1004 2768; x_wconf 85' lang='lat' dir='ltr'><strong>quaedam</strong></span> <span class='ocrx_word' id='word_1_50' title='bbox 1027 2690 1205 2772; x_wconf 81' lang='lat' dir='ltr'><strong>pulcritudo,</strong></span> 
     </span>
     <span class='ocr_line' id='line_1_12' title="bbox 117 2772 1207 2852; baseline 0.001 -21"><span class='ocrx_word' id='word_1_51' title='bbox 117 2773 214 2846; x_wconf 91' lang='lat' dir='ltr'><strong>nullo,</strong></span> <span class='ocrx_word' id='word_1_52' title='bbox 237 2784 270 2832; x_wconf 93' lang='lat' dir='ltr'><strong>ut</strong></span> <span class='ocrx_word' id='word_1_53' title='bbox 284 2772 407 2845; x_wconf 87' lang='lat' dir='ltr'><strong>videtur,</strong></span> <span class='ocrx_word' id='word_1_54' title='bbox 431 2773 553 2832; x_wconf 86' lang='lat' dir='ltr'><strong>artificio</strong></span> <span class='ocrx_word' id='word_1_55' title='bbox 574 2773 697 2844; x_wconf 81' lang='lat' dir='ltr'><strong>exculta,</strong></span> <span class='ocrx_word' id='word_1_56' title='bbox 720 2774 806 2832; x_wconf 91' lang='lat' dir='ltr'><strong>nullis</strong></span> <span class='ocrx_word' id='word_1_57' title='bbox 822 2774 973 2852; x_wconf 85' lang='lat' dir='ltr'><strong>pigmentis</strong></span> <span class='ocrx_word' id='word_1_58' title='bbox 989 2777 1115 2835; x_wconf 85' lang='lat' dir='ltr'><strong>colorata</strong></span> <span class='ocrx_word' id='word_1_59' title='bbox 1131 2795 1207 2834; x_wconf 69' lang='lat' dir='ltr'><strong>corn·¹</strong></span> 
     </span>
     <span class='ocr_line' id='line_1_13' title="bbox 118 2855 1207 2935; baseline 0.001 -21"><span class='ocrx_word' id='word_1_60' title='bbox 118 2855 243 2917; x_wconf 91' lang='lat' dir='ltr'><strong>mendet.</strong></span> <span class='ocrx_word' id='word_1_61' title='bbox 289 2857 362 2917; x_wconf 91' lang='lat' dir='ltr'><strong>Sunt</strong></span> <span class='ocrx_word' id='word_1_62' title='bbox 381 2867 497 2930; x_wconf 86' lang='lat' dir='ltr'><strong>eontra,</strong></span> <span class='ocrx_word' id='word_1_63' title='bbox 517 2875 588 2935; x_wconf 87' lang='lat' dir='ltr'><strong>quae</strong></span> <span class='ocrx_word' id='word_1_64' title='bbox 609 2866 640 2920; x_wconf 86' lang='lat' dir='ltr'><strong>ct</strong></span> <span class='ocrx_word' id='word_1_65' title='bbox 660 2855 810 2916; x_wconf 80' lang='lat' dir='ltr'><strong>verborum</strong></span> <span class='ocrx_word' id='word_1_66' title='bbox 827 2867 856 2916; x_wconf 92' lang='lat' dir='ltr'><strong>et</strong></span> <span class='ocrx_word' id='word_1_67' title='bbox 872 2859 1074 2918; x_wconf 85' lang='lat' dir='ltr'><strong>sententiarum</strong></span> <span class='ocrx_word' id='word_1_68' title='bbox 1091 2859 1207 2916; x_wconf 87' lang='lat' dir='ltr'><strong>minime</strong></span> 
     </span>
     <span class='ocr_line' id='line_1_14' title="bbox 116 2939 1208 3024; baseline 0 -25"><span class='ocrx_word' id='word_1_69' title='bbox 116 2940 233 3024; x_wconf 71' lang='lat' dir='ltr'><strong>vulgato</strong></span> <span class='ocrx_word' id='word_1_70' title='bbox 246 2959 353 3017; x_wconf 86' lang='lat' dir='ltr'><strong>genere</strong></span> <span class='ocrx_word' id='word_1_71' title='bbox 370 2940 473 2998; x_wconf 86' lang='lat' dir='ltr'><strong>cultum</strong></span> <span class='ocrx_word' id='word_1_72' title='bbox 490 2950 520 2998; x_wconf 91' lang='lat' dir='ltr'><strong>et</strong></span> <span class='ocrx_word' id='word_1_73' title='bbox 534 2939 681 2999; x_wconf 85' lang='lat' dir='ltr'><strong>artificium</strong></span> <span class='ocrx_word' id='word_1_74' title='bbox 697 2950 849 2999; x_wconf 90' lang='lat' dir='ltr'><strong>ostentent.</strong></span> <span class='ocrx_word' id='word_1_75' title='bbox 893 2940 1055 3000; x_wconf 79' lang='lat' dir='ltr'><strong>Nonnullae</strong></span> <span class='ocrx_word' id='word_1_76' title='bbox 1069 2943 1152 3001; x_wconf 85' lang='lat' dir='ltr'><strong>ctiam</strong></span> <span class='ocrx_word' id='word_1_77' title='bbox 1166 2942 1208 2999; x_wconf 81' lang='lat' dir='ltr'><strong>ita</strong></span> 
     </span>
     <span class='ocr_line' id='line_1_15' title="bbox 118 3022 1312 3102; baseline 0 -21"><span class='ocrx_word' id='word_1_78' title='bbox 118 3024 245 3102; x_wconf 87' lang='lat' dir='ltr'><strong>scriptae</strong></span> <span class='ocrx_word' id='word_1_79' title='bbox 268 3033 351 3094; x_wconf 92' lang='lat' dir='ltr'><strong>sunt,</strong></span> <span class='ocrx_word' id='word_1_80' title='bbox 375 3033 407 3080; x_wconf 93' lang='lat' dir='ltr'><strong>ut</strong></span> <span class='ocrx_word' id='word_1_81' title='bbox 428 3022 576 3081; x_wconf 81' lang='lat' dir='ltr'><strong>historiam</strong></span> <span class='ocrx_word' id='word_1_82' title='bbox 593 3023 673 3100; x_wconf 85' lang='lat' dir='ltr'><strong>quasi</strong></span> <span class='ocrx_word' id='word_1_83' title='bbox 691 3022 827 3101; x_wconf 88' lang='lat' dir='ltr'><strong>quandam</strong></span> <span class='ocrx_word' id='word_1_84' title='bbox 847 3025 1010 3084; x_wconf 85' lang='lat' dir='ltr'><strong>contineant</strong></span> <span class='ocrx_word' id='word_1_85' title='bbox 1026 3045 1123 3084; x_wconf 90' lang='lat' dir='ltr'><strong>eorum</strong></span> <span class='ocrx_word' id='word_1_86' title='bbox 1136 3035 1207 3082; x_wconf 54' lang='lat' dir='ltr'><strong>tem*</strong></span> <span class='ocrx_word' id='word_1_87' title='bbox 1310 3092 1312 3099; x_wconf 20' lang='lat' dir='ltr'><strong><em>J</em></strong></span> 
     </span>
     <span class='ocr_line' id='line_1_16' title="bbox 115 3105 1207 3186; baseline 0.002 -22"><span class='ocrx_word' id='word_1_88' title='bbox 115 3125 235 3186; x_wconf 85' lang='lat' dir='ltr'><strong>porum,</strong></span> <span class='ocrx_word' id='word_1_89' title='bbox 258 3105 359 3184; x_wconf 89' lang='lat' dir='ltr'><strong>quihus</strong></span> <span class='ocrx_word' id='word_1_90' title='bbox 377 3106 410 3178; x_wconf 90' lang='lat' dir='ltr'><strong>ii,</strong></span> <span class='ocrx_word' id='word_1_91' title='bbox 434 3106 480 3184; x_wconf 85' lang='lat' dir='ltr'><strong>qui</strong></span> <span class='ocrx_word' id='word_1_92' title='bbox 497 3106 560 3165; x_wconf 87' lang='lat' dir='ltr'><strong>illas</strong></span> <span class='ocrx_word' id='word_1_93' title='bbox 576 3107 731 3184; x_wconf 88' lang='lat' dir='ltr'><strong>scripsere,</strong></span> <span class='ocrx_word' id='word_1_94' title='bbox 752 3107 894 3168; x_wconf 79' lang='lat' dir='ltr'><strong>vixerunt.</strong></span> <span class='ocrx_word' id='word_1_95' title='bbox 938 3107 1033 3186; x_wconf 83' lang='lat' dir='ltr'><strong>Atque</strong></span> <span class='ocrx_word' id='word_1_96' title='bbox 1053 3107 1118 3178; x_wconf 67' lang='lat' dir='ltr'><strong>late,</strong></span> <span class='ocrx_word' id='word_1_97' title='bbox 1145 3107 1207 3166; x_wconf 86' lang='lat' dir='ltr'><strong>sive</strong></span> 
     </span>
     <span class='ocr_line' id='line_1_17' title="bbox 116 3187 1207 3268; baseline -0.001 -20"><span class='ocrx_word' id='word_1_98' title='bbox 116 3209 134 3248; x_wconf 86' lang='lat' dir='ltr'><strong>a</strong></span> <span class='ocrx_word' id='word_1_99' title='bbox 157 3187 277 3248; x_wconf 85' lang='lat' dir='ltr'><strong>disertis</strong></span> <span class='ocrx_word' id='word_1_100' title='bbox 295 3199 324 3248; x_wconf 88' lang='lat' dir='ltr'><strong>et</strong></span> <span class='ocrx_word' id='word_1_101' title='bbox 345 3188 530 3266; x_wconf 85' lang='lat' dir='ltr'><strong>ingenuarum</strong></span> <span class='ocrx_word' id='word_1_102' title='bbox 552 3190 655 3248; x_wconf 87' lang='lat' dir='ltr'><strong>artium</strong></span> <span class='ocrx_word' id='word_1_103' title='bbox 672 3189 793 3248; x_wconf 85' lang='lat' dir='ltr'><strong>scicntia</strong></span> <span class='ocrx_word' id='word_1_104' title='bbox 815 3190 946 3268; x_wconf 82' lang='lat' dir='ltr'><strong>expolitis</strong></span> <span class='ocrx_word' id='word_1_105' title='bbox 965 3190 1124 3249; x_wconf 87' lang='lat' dir='ltr'><strong>hominibus</strong></span> <span class='ocrx_word' id='word_1_106' title='bbox 1139 3194 1207 3268; x_wconf 59' lang='lat' dir='ltr'><strong>pro*</strong></span> 
     </span>
     <span class='ocr_line' id='line_1_18' title="bbox 115 3269 1206 3352; baseline 0 -22"><span class='ocrx_word' id='word_1_107' title='bbox 115 3271 240 3344; x_wconf 89' lang='lat' dir='ltr'><strong>dicrint,</strong></span> <span class='ocrx_word' id='word_1_108' title='bbox 254 3269 289 3352; x_wconf 70' lang='lat' dir='ltr'><strong>a)</strong></span> <span class='ocrx_word' id='word_1_109' title='bbox 302 3281 391 3336; x_wconf 74' lang='lat' dir='ltr'><strong>,tanto</strong></span> <span class='ocrx_word' id='word_1_110' title='bbox 414 3271 542 3350; x_wconf 82' lang='lat' dir='ltr'><strong>cupidius</strong></span> <span class='ocrx_word' id='word_1_111' title='bbox 563 3273 724 3350; x_wconf 66' lang='lat' dir='ltr'><strong>leguntur3v</strong></span> <span class='ocrx_word' id='word_1_112' title='bbox 736 3273 797 3331; x_wconf 91' lang='lat' dir='ltr'><strong>sive</strong></span> <span class='ocrx_word' id='word_1_113' title='bbox 812 3274 896 3331; x_wconf 82' lang='lat' dir='ltr'><strong>etiam</strong></span> <span class='ocrx_word' id='word_1_114' title='bbox 912 3273 1020 3346; x_wconf 87' lang='lat' dir='ltr'><strong>abiis,</strong></span> <span class='ocrx_word' id='word_1_115' title='bbox 1044 3275 1091 3352; x_wconf 91' lang='lat' dir='ltr'><strong>qui</strong></span> <span class='ocrx_word' id='word_1_116' title='bbox 1108 3273 1206 3352; x_wconf 89' lang='lat' dir='ltr'><strong>lepore</strong></span> 
     </span>
     <span class='ocr_line' id='line_1_19' title="bbox 115 3354 1213 3436; baseline -0.001 -21"><span class='ocrx_word' id='word_1_117' title='bbox 115 3376 149 3415; x_wconf 86' lang='lat' dir='ltr'><strong>ac</strong></span> <span class='ocrx_word' id='word_1_118' title='bbox 171 3356 329 3415; x_wconf 71' lang='lat' dir='ltr'><strong>festivitate</strong></span> <span class='ocrx_word' id='word_1_119' title='bbox 349 3354 462 3414; x_wconf 88' lang='lat' dir='ltr'><strong>dicendi</strong></span> <span class='ocrx_word' id='word_1_120' title='bbox 481 3357 642 3426; x_wconf 86' lang='lat' dir='ltr'><strong>caruerint,</strong></span> <span class='ocrx_word' id='word_1_121' title='bbox 667 3375 723 3414; x_wconf 90' lang='lat' dir='ltr'><strong>non</strong></span> <span class='ocrx_word' id='word_1_122' title='bbox 737 3366 832 3414; x_wconf 85' lang='lat' dir='ltr'><strong>tamen</strong></span> <span class='ocrx_word' id='word_1_123' title='bbox 844 3367 994 3434; x_wconf 86' lang='lat' dir='ltr'><strong>propterca</strong></span> <span class='ocrx_word' id='word_1_124' title='bbox 1008 3358 1213 3436; x_wconf 79' lang='lat' dir='ltr'><strong>negliguntur.&#39;</strong></span> 
     </span>
     <span class='ocr_line' id='line_1_20' title="bbox 115 3437 1207 3520; baseline 0.003 -21"><span class='ocrx_word' id='word_1_125' title='bbox 115 3441 248 3500; x_wconf 72' lang='lat' dir='ltr'><strong>Hestorair</strong></span> <span class='ocrx_word' id='word_1_126' title='bbox 275 3439 368 3510; x_wconf 89' lang='lat' dir='ltr'><strong>enim,</strong></span> <span class='ocrx_word' id='word_1_127' title='bbox 398 3439 440 3497; x_wconf 83' lang='lat' dir='ltr'><strong>ait</strong></span> <span class='ocrx_word' id='word_1_128' title='bbox 465 3437 664 3514; x_wconf 71' lang='lat' dir='ltr'><strong>Plinius,**)</strong></span> <span class='ocrx_word' id='word_1_129' title='bbox 696 3458 806 3518; x_wconf 82' lang='lat' dir='ltr'><strong>quoquo</strong></span> <span class='ocrx_word' id='word_1_130' title='bbox 835 3441 917 3500; x_wconf 85' lang='lat' dir='ltr'><strong>modo</strong></span> <span class='ocrx_word' id='word_1_131' title='bbox 937 3444 1047 3520; x_wconf 78' lang='lat' dir='ltr'><strong>serapte</strong></span> <span class='ocrx_word' id='word_1_132' title='bbox 1069 3443 1207 3502; x_wconf 80' lang='lat' dir='ltr'><strong>delectat..</strong></span> 
     </span>
    </p>
   </div>
   <div class='ocr_carea' id='block_1_9' title="bbox 116 3515 1378 3606">
    <p class='ocr_par' dir='ltr' id='par_1_9' title="bbox 116 3515 1378 3606">
     <span class='ocr_line' id='line_1_21' title="bbox 116 3515 1378 3606; baseline 0.007 -26"><span class='ocrx_word' id='word_1_133' title='bbox 116 3521 231 3582; x_wconf 85' lang='lat' dir='ltr'><strong>Graves</strong></span> <span class='ocrx_word' id='word_1_134' title='bbox 254 3515 391 3599; x_wconf 82' lang='lat' dir='ltr'><strong>quaedam</strong></span> <span class='ocrx_word' id='word_1_135' title='bbox 413 3531 442 3580; x_wconf 88' lang='lat' dir='ltr'><strong>et</strong></span> <span class='ocrx_word' id='word_1_136' title='bbox 464 3521 677 3600; x_wconf 85' lang='lat' dir='ltr'><strong>philosophicae</strong></span> <span class='ocrx_word' id='word_1_137' title='bbox 685 3517 764 3604; x_wconf 61' lang='lat' dir='ltr'><strong>aas)</strong></span> <span class='ocrx_word' id='word_1_138' title='bbox 788 3522 876 3581; x_wconf 88' lang='lat' dir='ltr'><strong>officii</strong></span> <span class='ocrx_word' id='word_1_139' title='bbox 896 3536 1049 3606; x_wconf 86' lang='lat' dir='ltr'><strong>praecepta</strong></span> <span class='ocrx_word' id='word_1_140' title='bbox 1072 3524 1267 3596; x_wconf 81' lang='lat' dir='ltr'><strong>tradunt;.roe</strong></span> <span class='ocrx_word' id='word_1_141' title='bbox 1373 3551 1378 3560; x_wconf 75' lang='grc'><strong>’</strong></span> 
     </span>
    </p>
   </div>
   <div class='ocr_carea' id='block_1_10' title="bbox 114 3605 1317 4024">
    <p class='ocr_par' dir='ltr' id='par_1_10' title="bbox 114 3605 1317 4024">
     <span class='ocr_line' id='line_1_22' title="bbox 115 3605 1203 3688; baseline 0.004 -24"><span class='ocrx_word' id='word_1_142' title='bbox 115 3606 206 3664; x_wconf 85' lang='lat' dir='ltr'><strong>falsas</strong></span> <span class='ocrx_word' id='word_1_143' title='bbox 242 3605 391 3683; x_wconf 87' lang='lat' dir='ltr'><strong>opiniones</strong></span> <span class='ocrx_word' id='word_1_144' title='bbox 413 3605 538 3664; x_wconf 89' lang='lat' dir='ltr'><strong>evellunt</strong></span> <span class='ocrx_word' id='word_1_145' title='bbox 560 3625 595 3664; x_wconf 87' lang='lat' dir='ltr'><strong>ex</strong></span> <span class='ocrx_word' id='word_1_146' title='bbox 613 3605 735 3686; x_wconf 85' lang='lat' dir='ltr'><strong>animis;</strong></span> <span class='ocrx_word' id='word_1_147' title='bbox 763 3617 866 3684; x_wconf 88' lang='lat' dir='ltr'><strong>quanta</strong></span> <span class='ocrx_word' id='word_1_148' title='bbox 887 3607 917 3664; x_wconf 88' lang='lat' dir='ltr'><strong>in</strong></span> <span class='ocrx_word' id='word_1_149' title='bbox 938 3608 1044 3668; x_wconf 88' lang='lat' dir='ltr'><strong>virtute</strong></span> <span class='ocrx_word' id='word_1_150' title='bbox 1067 3607 1203 3688; x_wconf 82' lang='lat' dir='ltr'><strong>dignitas,</strong></span> 
     </span>
     <span class='ocr_line' id='line_1_23' title="bbox 115 3685 1317 3768; baseline 0.005 -21"><span class='ocrx_word' id='word_1_151' title='bbox 115 3699 222 3768; x_wconf 85' lang='lat' dir='ltr'><strong>quauta</strong></span> <span class='ocrx_word' id='word_1_152' title='bbox 242 3688 273 3746; x_wconf 88' lang='lat' dir='ltr'><strong>in</strong></span> <span class='ocrx_word' id='word_1_153' title='bbox 295 3688 374 3746; x_wconf 89' lang='lat' dir='ltr'><strong>vitiis</strong></span> <span class='ocrx_word' id='word_1_154' title='bbox 399 3686 542 3766; x_wconf 88' lang='lat' dir='ltr'><strong>turpitudo</strong></span> <span class='ocrx_word' id='word_1_155' title='bbox 562 3689 616 3760; x_wconf 89' lang='lat' dir='ltr'><strong>sit,</strong></span> <span class='ocrx_word' id='word_1_156' title='bbox 639 3687 760 3748; x_wconf 88' lang='lat' dir='ltr'><strong>docent:</strong></span> <span class='ocrx_word' id='word_1_157' title='bbox 786 3709 841 3768; x_wconf 90' lang='lat' dir='ltr'><strong>quo</strong></span> <span class='ocrx_word' id='word_1_158' title='bbox 861 3689 889 3748; x_wconf 94' lang='lat' dir='ltr'><strong>in</strong></span> <span class='ocrx_word' id='word_1_159' title='bbox 906 3709 1013 3768; x_wconf 87' lang='lat' dir='ltr'><strong>genere</strong></span> <span class='ocrx_word' id='word_1_160' title='bbox 1031 3692 1143 3752; x_wconf 83' lang='lat' dir='ltr'><strong>Seneca</strong></span> <span class='ocrx_word' id='word_1_161' title='bbox 1157 3712 1207 3752; x_wconf 79' lang='lat' dir='ltr'><strong>ex·</strong></span> <span class='ocrx_word' id='word_1_162' title='bbox 1313 3685 1317 3690; x_wconf 65' lang='grc'>’</span> 
     </span>
     <span class='ocr_line' id='line_1_24' title="bbox 115 3769 1303 3852; baseline 0.003 -20"><span class='ocrx_word' id='word_1_163' title='bbox 115 3771 205 3832; x_wconf 87' lang='lat' dir='ltr'><strong>cellit.</strong></span> <span class='ocrx_word' id='word_1_164' title='bbox 252 3769 419 3844; x_wconf 81' lang='lat' dir='ltr'><strong>Quaedam,</strong></span> <span class='ocrx_word' id='word_1_165' title='bbox 443 3772 554 3830; x_wconf 86' lang='lat' dir='ltr'><strong>etiamsi</strong></span> <span class='ocrx_word' id='word_1_166' title='bbox 577 3771 680 3832; x_wconf 84' lang='lat' dir='ltr'><strong>adres</strong></span> <span class='ocrx_word' id='word_1_167' title='bbox 703 3770 785 3831; x_wconf 89' lang='lat' dir='ltr'><strong>modo</strong></span> <span class='ocrx_word' id='word_1_168' title='bbox 802 3773 928 3852; x_wconf 87' lang='lat' dir='ltr'><strong>privatas</strong></span> <span class='ocrx_word' id='word_1_169' title='bbox 945 3784 974 3833; x_wconf 94' lang='lat' dir='ltr'><strong>ct</strong></span> <span class='ocrx_word' id='word_1_170' title='bbox 986 3775 1139 3835; x_wconf 82' lang='lat' dir='ltr'><strong>familiaria</strong></span> <span class='ocrx_word' id='word_1_171' title='bbox 1156 3795 1207 3835; x_wconf 88' lang='lat' dir='ltr'><strong>ne·</strong></span> <span class='ocrx_word' id='word_1_172' title='bbox 1269 3792 1273 3802; x_wconf 78' lang='grc'><em>’</em></span> <span class='ocrx_word' id='word_1_173' title='bbox 1300 3777 1303 3790; x_wconf 86' lang='grc'><strong>“</strong></span> 
     </span>
     <span class='ocr_line' id='line_1_25' title="bbox 115 3855 1204 3938; baseline 0.005 -25"><span class='ocrx_word' id='word_1_174' title='bbox 115 3855 196 3934; x_wconf 84' lang='lat' dir='ltr'><strong>gotia</strong></span> <span class='ocrx_word' id='word_1_175' title='bbox 217 3855 375 3932; x_wconf 88' lang='lat' dir='ltr'><strong>pertinent,</strong></span> <span class='ocrx_word' id='word_1_176' title='bbox 399 3856 529 3914; x_wconf 85' lang='lat' dir='ltr'><strong>excitant</strong></span> <span class='ocrx_word' id='word_1_177' title='bbox 541 3863 635 3915; x_wconf 87' lang='lat' dir='ltr'><strong>tamen</strong></span> <span class='ocrx_word' id='word_1_178' title='bbox 658 3855 801 3914; x_wconf 90' lang='lat' dir='ltr'><strong>hominum</strong></span> <span class='ocrx_word' id='word_1_179' title='bbox 824 3855 935 3930; x_wconf 86' lang='lat' dir='ltr'><strong>studia,</strong></span> <span class='ocrx_word' id='word_1_180' title='bbox 958 3868 1074 3938; x_wconf 86' lang='lat' dir='ltr'><strong>propter</strong></span> <span class='ocrx_word' id='word_1_181' title='bbox 1094 3878 1204 3932; x_wconf 88' lang='lat' dir='ltr'><strong>eorum,</strong></span> 
     </span>
     <span class='ocr_line' id='line_1_26' title="bbox 114 3936 1207 4024; baseline 0.004 -26"><span class='ocrx_word' id='word_1_182' title='bbox 114 3936 254 4017; x_wconf 82' lang='lat' dir='ltr'><strong>aquibus</strong></span> <span class='ocrx_word' id='word_1_183' title='bbox 276 3937 399 4016; x_wconf 89' lang='lat' dir='ltr'><strong>scriptae</strong></span> <span class='ocrx_word' id='word_1_184' title='bbox 420 3947 502 4010; x_wconf 88' lang='lat' dir='ltr'><strong>sunt,</strong></span> <span class='ocrx_word' id='word_1_185' title='bbox 533 3939 741 3998; x_wconf 85' lang='lat' dir='ltr'><strong>auctoritatem.</strong></span> <span class='ocrx_word' id='word_1_186' title='bbox 784 3937 898 4000; x_wconf 82' lang='lat' dir='ltr'><strong>Natura</strong></span> <span class='ocrx_word' id='word_1_187' title='bbox 918 3941 1207 4024; x_wconf 82' lang='lat' dir='ltr'><strong>enimeomparatum</strong></span> 
     </span>
    </p>
   </div>
   <div class='ocr_carea' id='block_1_11' title="bbox 121 4061 389 4080">
    <p class='ocr_par' dir='ltr' id='par_1_11' title="bbox 121 4061 389 4080">
     <span class='ocr_line' id='line_1_27' title="bbox 121 4061 389 4080; baseline 0.004 -7"><span class='ocrx_word' id='word_1_188' title='bbox 121 4061 389 4080; x_wconf 62' lang='lat' dir='ltr'><strong>W-</strong></span> 
     </span>
    </p>
   </div>
   <div class='ocr_carea' id='block_1_12' title="bbox 128 4097 604 4176">
    <p class='ocr_par' dir='ltr' id='par_1_12' title="bbox 128 4097 604 4176">
     <span class='ocr_line' id='line_1_28' title="bbox 128 4097 604 4176; baseline 0.004 -14"><span class='ocrx_word' id='word_1_189' title='bbox 128 4097 131 4102; x_wconf 82' lang='grc'><strong>’</strong></span> <span class='ocrx_word' id='word_1_190' title='bbox 171 4119 206 4176; x_wconf 80' lang='lat' dir='ltr'><strong>a)</strong></span> <span class='ocrx_word' id='word_1_191' title='bbox 222 4117 261 4168; x_wconf 81' lang='lat' dir='ltr'><strong>cf.</strong></span> <span class='ocrx_word' id='word_1_192' title='bbox 275 4119 331 4164; x_wconf 77' lang='lat' dir='ltr'><strong>cun.</strong></span> <span class='ocrx_word' id='word_1_193' title='bbox 345 4125 400 4174; x_wconf 68' lang='lat' dir='ltr'><strong>aaa.</strong></span> <span class='ocrx_word' id='word_1_194' title='bbox 416 4118 453 4164; x_wconf 73' lang='lat' dir='ltr'><strong>aa</strong></span> <span class='ocrx_word' id='word_1_195' title='bbox 464 4119 494 4166; x_wconf 80' lang='lat' dir='ltr'><strong>n.</strong></span> <span class='ocrx_word' id='word_1_196' title='bbox 523 4121 568 4164; x_wconf 76' lang='lat' dir='ltr'><strong>ma</strong></span> <span class='ocrx_word' id='word_1_197' title='bbox 602 4121 604 4127; x_wconf 91' lang='lat'>·</span> 
     </span>
    </p>
   </div>
   <div class='ocr_carea' id='block_1_13' title="bbox 113 4170 1207 4312">
    <p class='ocr_par' dir='ltr' id='par_1_13' title="bbox 113 4170 1207 4312">
     <span class='ocr_line' id='line_1_29' title="bbox 172 4170 1207 4256; baseline 0.02 -29"><span class='ocrx_word' id='word_1_198' title='bbox 172 4189 223 4248; x_wconf 70' lang='lat' dir='ltr'><strong>aas)</strong></span> <span class='ocrx_word' id='word_1_199' title='bbox 244 4191 323 4246; x_wconf 73' lang='lat' dir='ltr'><strong>nptst</strong></span> <span class='ocrx_word' id='word_1_200' title='bbox 343 4192 372 4237; x_wconf 79' lang='lat' dir='ltr'><strong>v.</strong></span> <span class='ocrx_word' id='word_1_201' title='bbox 386 4192 410 4236; x_wconf 85' lang='lat'><strong>8.</strong></span> <span class='ocrx_word' id='word_1_202' title='bbox 436 4191 461 4248; x_wconf 78' lang='lat' dir='ltr'><strong>s.</strong></span> <span class='ocrx_word' id='word_1_203' title='bbox 475 4193 498 4236; x_wconf 78' lang='grc'><strong>3.</strong></span> <span class='ocrx_word' id='word_1_204' title='bbox 535 4192 647 4237; x_wconf 81' lang='lat' dir='ltr'><strong>ceterum</strong></span> <span class='ocrx_word' id='word_1_205' title='bbox 667 4191 730 4246; x_wconf 80' lang='lat' dir='ltr'><strong>qnod</strong></span> <span class='ocrx_word' id='word_1_206' title='bbox 744 4196 812 4240; x_wconf 82' lang='lat' dir='ltr'><strong>verb.</strong></span> <span class='ocrx_word' id='word_1_207' title='bbox 826 4194 862 4239; x_wconf 83' lang='lat' dir='ltr'><strong>ott</strong></span> <span class='ocrx_word' id='word_1_208' title='bbox 873 4195 968 4242; x_wconf 78' lang='lat' dir='ltr'><strong>medice</strong></span> <span class='ocrx_word' id='word_1_209' title='bbox 981 4170 1085 4246; x_wconf 78' lang='lat' dir='ltr'><strong>orationi</strong></span> <span class='ocrx_word' id='word_1_210' title='bbox 1098 4199 1207 4256; x_wconf 77' lang='lat' dir='ltr'><strong>interno-</strong></span> 
     </span>
     <span class='ocr_line' id='line_1_30' title="bbox 113 4247 1207 4312; baseline 0.005 -16"><span class='ocrx_word' id='word_1_211' title='bbox 113 4249 165 4296; x_wconf 81' lang='lat' dir='ltr'><strong>suit</strong></span> <span class='ocrx_word' id='word_1_212' title='bbox 176 4252 295 4305; x_wconf 80' lang='lat' dir='ltr'><strong>Muretus,</strong></span> <span class='ocrx_word' id='word_1_213' title='bbox 311 4248 374 4293; x_wconf 84' lang='lat' dir='ltr'><strong>tueri</strong></span> <span class='ocrx_word' id='word_1_214' title='bbox 388 4259 416 4292; x_wconf 89' lang='lat' dir='ltr'><strong>se</strong></span> <span class='ocrx_word' id='word_1_215' title='bbox 431 4251 512 4302; x_wconf 77' lang='lat' dir='ltr'><strong>potest</strong></span> <span class='ocrx_word' id='word_1_216' title='bbox 524 4247 667 4294; x_wconf 71' lang='lat' dir='ltr'><strong>uumorltate</strong></span> <span class='ocrx_word' id='word_1_217' title='bbox 680 4249 804 4297; x_wconf 77' lang='lat' dir='ltr'><strong>ciceronis</strong></span> <span class='ocrx_word' id='word_1_218' title='bbox 819 4253 900 4306; x_wconf 80' lang='lat' dir='ltr'><strong>(Orat.</strong></span> <span class='ocrx_word' id='word_1_219' title='bbox 911 4263 964 4310; x_wconf 77' lang='lat' dir='ltr'><strong>cap.</strong></span> <span class='ocrx_word' id='word_1_220' title='bbox 977 4258 1015 4302; x_wconf 88' lang='lat'><strong>11.</strong></span> <span class='ocrx_word' id='word_1_221' title='bbox 1030 4257 1054 4311; x_wconf 71' lang='lat' dir='ltr'><strong>S.</strong></span> <span class='ocrx_word' id='word_1_222' title='bbox 1068 4257 1122 4312; x_wconf 81' lang='grc'>36.)</span> <span class='ocrx_word' id='word_1_223' title='bbox 1135 4269 1207 4312; x_wconf 79' lang='lat' dir='ltr'><strong>quem</strong></span> 
     </span>
    </p>
   </div>
   <div class='ocr_carea' id='block_1_14' title="bbox 113 4303 1207 4428">
    <p class='ocr_par' dir='ltr' id='par_1_14' title="bbox 113 4303 1207 4428">
     <span class='ocr_line' id='line_1_31' title="bbox 113 4303 1207 4371; baseline 0.009 -19"><span class='ocrx_word' id='word_1_224' title='bbox 113 4305 138 4352; x_wconf 84' lang='lat' dir='ltr'><strong>ld</strong></span> <span class='ocrx_word' id='word_1_225' title='bbox 154 4315 259 4360; x_wconf 71' lang='lat' dir='ltr'><strong>nsquam</strong></span> <span class='ocrx_word' id='word_1_226' title='bbox 272 4303 361 4350; x_wconf 83' lang='lat' dir='ltr'><strong>fecisse</strong></span> <span class='ocrx_word' id='word_1_227' title='bbox 375 4305 484 4350; x_wconf 88' lang='lat' dir='ltr'><strong>nonnulli</strong></span> <span class='ocrx_word' id='word_1_228' title='bbox 498 4314 625 4360; x_wconf 79' lang='lat' dir='ltr'><strong>perperam</strong></span> <span class='ocrx_word' id='word_1_229' title='bbox 639 4311 797 4360; x_wconf 80' lang='lat' dir='ltr'><strong>negaverunt.</strong></span> <span class='ocrx_word' id='word_1_230' title='bbox 826 4309 861 4357; x_wconf 83' lang='lat' dir='ltr'><strong>cf.</strong></span> <span class='ocrx_word' id='word_1_231' title='bbox 877 4321 940 4366; x_wconf 79' lang='lat' dir='ltr'><strong>uuae</strong></span> <span class='ocrx_word' id='word_1_232' title='bbox 954 4313 1006 4358; x_wconf 83' lang='lat' dir='ltr'><strong>dixi</strong></span> <span class='ocrx_word' id='word_1_233' title='bbox 1020 4313 1045 4360; x_wconf 87' lang='lat' dir='ltr'><strong>ln</strong></span> <span class='ocrx_word' id='word_1_234' title='bbox 1059 4314 1164 4371; x_wconf 77' lang='lat' dir='ltr'><strong>epistota</strong></span> <span class='ocrx_word' id='word_1_235' title='bbox 1175 4315 1207 4361; x_wconf 79' lang='lat' dir='ltr'><strong>ad</strong></span> 
     </span>
     <span class='ocr_line' id='line_1_32' title="bbox 113 4361 837 4428; baseline 0.006 -20"><span class='ocrx_word' id='word_1_236' title='bbox 113 4366 242 4420; x_wconf 66' lang='lat' dir='ltr'><strong>meyerum</strong></span> <span class='ocrx_word' id='word_1_237' title='bbox 255 4373 311 4418; x_wconf 77' lang='lat' dir='ltr'><strong>neg.</strong></span> <span class='ocrx_word' id='word_1_238' title='bbox 326 4363 389 4408; x_wconf 84' lang='lat' dir='ltr'>XIII.</span> <span class='ocrx_word' id='word_1_239' title='bbox 405 4362 445 4418; x_wconf 81' lang='lat' dir='ltr'><strong>(in</strong></span> <span class='ocrx_word' id='word_1_240' title='bbox 460 4362 517 4410; x_wconf 84' lang='lat' dir='ltr'><strong>edit.</strong></span> <span class='ocrx_word' id='word_1_241' title='bbox 532 4361 641 4408; x_wconf 76' lang='lat' dir='ltr'><strong>oratoris</strong></span> <span class='ocrx_word' id='word_1_242' title='bbox 655 4363 764 4420; x_wconf 70' lang='lat' dir='ltr'><strong>Meyer.)</strong></span> <span class='ocrx_word' id='word_1_243' title='bbox 791 4367 837 4428; x_wconf 68' lang='lat' dir='ltr'><strong>Fu,</strong></span> 
     </span>
    </p>
   </div>
   <div class='ocr_carea' id='block_1_15' title="bbox 169 4433 606 4493">
    <p class='ocr_par' dir='ltr' id='par_1_15' title="bbox 169 4433 606 4493">
     <span class='ocr_line' id='line_1_33' title="bbox 169 4433 606 4493; baseline 0.009 -13"><span class='ocrx_word' id='word_1_244' title='bbox 169 4435 245 4493; x_wconf 73' lang='lat' dir='ltr'><strong>oss)</strong></span> <span class='ocrx_word' id='word_1_245' title='bbox 258 4434 296 4484; x_wconf 80' lang='lat' dir='ltr'><strong>ct.</strong></span> <span class='ocrx_word' id='word_1_246' title='bbox 310 4434 365 4482; x_wconf 79' lang='lat' dir='ltr'><strong>adn</strong></span> <span class='ocrx_word' id='word_1_247' title='bbox 379 4443 435 4492; x_wconf 75' lang='lat' dir='ltr'><strong>nar.</strong></span> <span class='ocrx_word' id='word_1_248' title='bbox 448 4433 489 4483; x_wconf 73' lang='lat'><strong>6⁰.</strong></span> <span class='ocrx_word' id='word_1_249' title='bbox 502 4436 533 4483; x_wconf 81' lang='lat' dir='ltr'><strong>n.</strong></span> <span class='ocrx_word' id='word_1_250' title='bbox 546 4445 549 4460; x_wconf 64' lang='lat'><strong><em>¹</em></strong></span> <span class='ocrx_word' id='word_1_251' title='bbox 561 4437 606 4484; x_wconf 70' lang='lat' dir='ltr'><strong>rm</strong></span> 
     </span>
    </p>
   </div>
   <div class='ocr_carea' id='block_1_16' title="bbox 0 0 1500 5066">
    <p class='ocr_par' dir='ltr' id='par_1_16' title="bbox 0 0 1500 5066">
     <span class='ocr_line' id='line_1_34' title="bbox 0 0 1500 5066; baseline 0 2"><span class='ocrx_word' id='word_1_252' title='bbox 0 0 1500 5066; x_wconf 95' lang='lat' dir='ltr'><strong> </strong></span> 
     </span>
    </p>
   </div>
  </div>
 </body>
</html>
