2978 5068
285 297 331 368 ω
706 297 819 365 trem
843 297 985 364 Plllhlli

286 467 358 528 nihil
377 487 395 526 a
414 477 445 526 te
461 465 539 528 aliud
559 473 712 547 eiqtetens,
737 485 772 526 eo
792 477 822 526 te
840 475 947 526 tantum
968 466 1060 538 amat,
1085 467 1150 546 qnia
1167 463 1282 544 dignum
1305 463 1379 524 iudi·

189 610 193 626 ,
287 563 335 612 eat
353 553 400 629 qui
418 553 533 613 amede.
578 550 662 626 Quod
679 549 724 610 Μ.
749 547 905 609 Antonium
927 546 1276 630 Bitonempotissimffl
1300 547 1379 608 dele·

286 625 375 712 gisti,
397 632 433 692 ad
450 636 638 714 quemitares
647 675 658 704 ‚
682 635 728 692 cui
743 631 898 705 crederes,
920 635 967 692 eui
982 645 1012 692 tc
1028 635 1058 692 in
1074 633 1253 713 disciplinam
1271 630 1375 716 damst

285 717 470 778 vehementer
490 729 537 789 te,
566 718 611 776 mi'
628 717 778 795 Agapete,
809 715 912 786 laudo,
930 727 970 776 et
992 727 1024 774 ut
1047 725 1111 778 'eum
1128 717 1310 788 assertoris,
1341 735 1378 775 ex

284 802 349 860 eins
373 819 426 859 ore
448 797 654 879 pendeas,l‘*)
678 801 741 858 eius
766 795 921 858 doctrinam
943 798 1110 860 avidissime
1131 800 1296 871 cumhihas,
1312 818 1378 858 sua·

237 916 239 922 ·
285 881 361 944 deos
391 883 486 962 Spero
503 903 549 942 mc
569 883 637 942 istie
656 883 719 942 lore
739 892 805 941 ante
823 879 968 942 lialendas
991 883 1193 962 Septembres:
1207 894 1247 943 .et
1262 894 1293 942 ut
1309 883 1375 954 siin,

284 985 399 1045 operam
422 965 514 1040 daho,
536 985 571 1026 eo
592 966 684 1044 magis
691 1006 702 1037 ,
724 966 791 1043 quia
813 974 842 1024 te
857 964 955 1027 videre
977 963 1115 1044 discupio.
1126 963 1209 1047 aaa)
1249 965 1296 1025 De
1310 964 1377 1024 Ma·

283 1067 388 1110 carano
410 1068 490 1121 meo,
513 1050 560 1128 qui
582 1049 651 1108 mihi
670 1059 806 1128 perpetuo
829 1060 895 1108 ante
917 1049 1014 1108 oculos
1039 1049 1223 1121 obversatur,
1252 1068 1374 1128 quaeso,

281 1131 415 1212 Agapete
438 1135 494 1204 mi,
517 1133 543 1191 si
563 1130 629 1210 quid
647 1132 753 1203 hahes,
776 1131 850 1210 qood
868 1151 913 1192 me
932 1133 1089 1205 exhilaret,
1106 1133 1218 1192 scribe.
1266 1133 1376 1194 Vivere

282 1215 346 1294 ipse
367 1211 436 1275 mihi
457 1235 512 1274 non
530 1214 648 1286 videor,
670 1213 760 1274 denec
781 1215 869 1274 vitam
886 1215 977 1294 ipsius
995 1217 1101 1275 intuto
1118 1235 1184 1278 esse
1200 1225 1372 1293 cognovero.

281 1297 383 1358 Nolito
403 1317 492 1377 aegre
509 1299 605 1370 ferre,
629 1297 702 1378 qued
722 1296 826 1359 dicam.
870 1297 951 1358 lllnm
968 1319 1050 1358 unum
1066 1300 1128 1379 plus
1143 1319 1206 1358 amo
1225 1319 1307 1376 quani
1326 1310 1372 1358 tes

281 1393 312 1440 et
331 1401 367 1442 ne
391 1381 443 1440 hoc
464 1381 516 1440 tihi
537 1380 636 1442 durum
659 1379 809 1454 videatur,
833 1392 862 1441 te
884 1401 902 1442 a
924 1402 969 1441 me
985 1377 1144 1460 proximum
1162 1382 1272 1453 haheo;
1293 1382 1373 1454 illum

282 1483 372 1542 aeque
393 1485 457 1524 amo
477 1484 512 1524 ac
533 1475 638 1526 memet
657 1465 760 1545 ipsum.
805 1464 891 1529 Vale.
913 1465 1032 1530 Tihure.
1054 1465 1111 1526 111.
1133 1465 1211 1527 Non.
1232 1463 1370 1544 Augusti.

280 1545 507 1610 nnuxxm.

217 1745 267 1798 na
539 1730 610 1794 tn.
661 1729 851 1794 ninum
880 1731 1114 1794 einero.
1197 1679 1225 1693 ”

269 1849 352 1941 >Vix
372 1901 458 1942 ansus
482 1901 577 1942 essem
594 1893 657 1942 ate
670 1883 834 1962 postulare,
855 1893 888 1942 nt
903 1882 939 1943 ad
955 1905 1000 1944 me
1016 1883 1121 1946 Latine
1137 1880 1298 1955 scriberem
1321 1902 1372 1942 ve·
1448 1935 1452 1940 .

277 1966 368 2037 ritus,
392 1984 429 2025 ue
452 1964 482 2024 id
504 1966 557 2025 tihi
579 1963 682 2046 oppido
705 1965 819 2026 difficile
837 1966 992 2028 videretur.
1045 1967 1110 2042 Quo
1134 1967 1203 2026 mihi
1227 1967 1371 2045 gratiores

277 2049 393 2108 luerunt
408 2067 461 2110 eae
477 2049 610 2121 litterae,
634 2069 704 2128 quas
723 2070 741 2110 a
757 2060 786 2110 te
803 2049 908 2110 Latine
924 2052 1046 2131 scriptas
1063 2069 1154 2130 unpcr
1170 2052 1288 2129 accepia
1311 2070 1370 2108 uon

277 2131 346 2192 illae
368 2131 481 2211 quidem
497 2133 575 2192 omui
595 2153 632 2192 ex
651 2143 732 2212 parte
749 2132 933 2206 emendatae,
956 2135 1041 2194 multo
1060 2144 1153 2194 tamen
1167 2133 1322 2194 ,nitidiores
1340 2144 1371 2192 et

277 2215 433 2288 cultiores,
456 2235 538 2294 qnam
559 2213 757 2278 credidissem.
801 2217 903 2296 Itaque
920 2217 992 2278 hene
1010 2229 1039 2276 tc
1056 2237 1175 2296 sperare
1191 2217 1293 2289 iubeo,
1318 2235 1369 2276 ne·

276 2317 332 2378 que
357 2296 503 2372 dubitare,
526 2298 594 2378 quin
616 2299 784 2379 aliquando,
807 2299 879 2360 duce
903 2319 966 2373 me,
989 2300 1110 2380 aliquam
1132 2301 1174 2360 sis
1195 2301 1278 2360 huius
1300 2321 1370 2380 quo·

241 2439 244 2444 .
276 2401 332 2462 que
363 2382 484 2460 generis.
504 2382 666 2444 facultatem
688 2395 905 2458 consecuturus.
956 2381 1106 2444 Adventus
1128 2384 1184 2446 huc
1204 2395 1268 2443 tuus
1286 2405 1370 2463 quam

274 2465 345 2524 mihi
363 2475 473 2544 optatus
492 2485 527 2524 ac
538 2463 675 2524 iucundus
691 2467 801 2524 futurus
817 2467 916 2537 luerit,
936 2467 1006 2524 nihil
1021 2486 1142 2528 necesse
1156 2480 1202 2526 est
1213 2463 1366 2546 affirmare.

275 2549 356 2608 Satis
378 2549 470 2620 eninr,
493 2555 525 2606 ut
543 2549 663 2626 opiner,
686 2547 1004 2628 nostimagnitudiuem
1025 2552 1131 2610 amoris
1149 2568 1222 2631 erga
1244 2561 1273 2611 tc
1297 2553 1365 2612 moi.

274 2629 335 2692 Sed
359 2631 409 2690 ita.
422 2632 525 2694 multos
549 2630 596 2689 hic
617 2629 834 2703 adolescentes,
855 2633 902 2711 qui
922 2631 1015 2692 Roma
1034 2647 1190 2710 venerunt,
1215 2646 1368 2714 aegrotare

273 2712 375 2785 video,
397 2723 429 2773 nt
446 2715 555 2776 veritus
576 2714 648 2786 sim,
662 2733 707 2774 ,ne
729 2713 797 2794 quid
816 2715 874 2774 tihi.
894 2714 956 2774 ista
975 2716 1029 2776 hoc
1051 2729 1178 2798 tempore
1197 2719 1270 2778 caeli
1289 2739 1368 2778 eom·

273 2797 392 2856 mutatio
413 2797 541 2877 periculi.
555 2795 693 2870 adferret.
736 2796 803 2876 Ego
820 2809 886 2860 aute
907 2819 1011 2860 nonum
1029 2800 1097 2862 lial.
1116 2802 1260 2881 Septemb.
1281 2821 1367 2882 spere

273 2881 339 2946 fore
358 2891 390 2938 ut
410 2901 466 2940 uon
487 2880 557 2940 nihil
574 2881 719 2940 remittant
737 2882 860 2942 calores.
904 2883 985 2943 Tunc
1005 2885 1109 2962 igitur,
1133 2887 1157 2944 si
1175 2884 1257 2946 Deus
1274 2887 1364 2960 volet,

273 2983 421 3023 excurram
441 2965 534 3036 istuc,
557 2962 674 3044 cupidus
694 2962 807 3024 videndi
823 2966 884 3026 tui:
907 2977 992 3046 teque
1007 2969 1102 3027 statim
1120 2967 1231 3029 accersi
1249 2970 1362 3032 iubebo.

271 3046 340 3106 Non
359 3047 449 3106 haheo
464 3068 538 3106 nunc
551 3045 588 3106 ad
607 3067 717 3106 manum
736 3051 899 3128 superiores
916 3051 980 3108 illas
997 3061 1078 3124 tuae,
1101 3053 1131 3110 in
1147 3054 1249 3131 quihus
1266 3056 1365 3114 nescio

272 3129 340 3208 quid
364 3129 522 3208 quaerebas*
548 3129 584 3189 de
612 3129 736 3189 dominio
761 3132 870 3192 directo
889 3145 918 3192 et
941 3133 1021 3207 utili,
1052 3136 1131 3194 cuius
1157 3149 1250 3196 minen
1275 3140 1363 3196 totius
1454 3141 1457 3144 ’

271 3213 447 3292 quaestionis
478 3212 610 3272 molestia
638 3215 724 3274 facile
751 3216 874 3276 liberare
901 3217 964 3296 ipse
990 3228 1019 3276 te
1051 3230 1144 3298 potes.
1199 3219 1364 3280 Dominium

232 3344 234 3352 ,
271 3297 351 3368 enim,
375 3295 513 3356 directum
540 3308 569 3356 et
594 3297 665 3356 utile
692 3317 828 3378 nusquam
855 3319 871 3358 a
899 3299 1131 3373 Iurisconsultis‚
1151 3294 1300 3384 nusquam
1327 3305 1363 3365 ah

270 3379 494 3459 Imperatorihus
516 3379 712 3453 nominantur,
735 3380 789 3468 sed&
807 3395 963 3443 commenta
983 3405 1017 3444 ac
1037 3387 1146 3444 somnia
1166 3399 1231 3446 sunt
1251 3409 1360 3462 eorum,

156 3459 182 3540 ,⁸
270 3462 521 3542 qnisohscurando
552 3473 581 3522 et
608 3465 726 3543 ineptiis
754 3467 814 3524 suis
841 3466 1056 3529 contaminando
1084 3469 1147 3528 iure
1175 3473 1269 3543 civili,
1305 3474 1361 3532 sihi

271 3566 304 3604 se
330 3548 467 3606 acuminis
493 3555 522 3606 et
545 3545 712 3606 eruditionis
740 3547 851 3608 laudem
879 3552 1056 3628 quaesituros
1082 3563 1224 3630 putarunt.
1276 3556 1361 3630 Quod

270 3632 445 3710 usucapitur,
469 3629 501 3688 lit
519 3629 603 3708 pleno
623 3631 686 3690 inre
705 3633 779 3705 eius,
801 3633 848 3712 qui
867 3635 1006 3714 nsucepit.
1051 3634 1109 3708 Qui
1126 3647 1219 3695 tamen
1238 3638 1262 3696 si
1282 3651 1362 3718 post·

270 3731 306 3770 ea
327 3712 356 3771 id
378 3731 429 3792 pro
451 3712 588 3772 derelicto
606 3713 725 3787 haheat,
754 3717 871 3795 aequius
889 3728 952 3786 est,
975 3737 1035 3775 rem
1057 3717 1152 3788 redire
1174 3719 1211 3777 ad
1234 3733 1359 3782 veterem

269 3794 429 3868 dominum,
457 3798 483 3856 si
504 3815 566 3857 eam
587 3798 662 3858 ferte
682 3818 853 3878 recuperare
874 3797 1001 3870 studeat,
1032 3820 1113 3878 quam
1137 3801 1294 3864 adiudicari
1317 3807 1356 3877 ei,

269 3879 316 3958 qui
331 3899 422 3958 neque
437 3879 568 3962 nsucepit
586 3891 615 3940 et
633 3882 697 3942 sine
710 3883 793 3943 titulo
804 3881 943 3964 possidet.
987 3882 1081 3946 Datur
1101 3886 1190 3965 igitur
1206 3887 1359 3950 vindicatio

267 4042 543 4060 m

324 4125 410 4192 elci.
424 4137 548 4196 admpog.
563 4139 618 4185 sta.
633 4141 662 4186 rt.
690 4143 735 4186 ra.
983 4204 987 4213 Ι
1065 4188 1066 4194 ,

285 4255 289 4261 ,
323 4208 375 4264 td]
391 4209 427 4256 ct.
441 4213 496 4256 adu.
511 4224 565 4268 pag.
581 4215 609 4258 a.
623 4213 662 4260 3⁹.
678 4216 739 4260 extr.
756 4215 781 4258 et
794 4213 849 4264 art.
865 4215 926 4260 extr.
955 4217 1000 4262 Fa.

293 4339 298 4349 .
317 4282 395 4348 Q)
418 4285 516 4330 Caelius
531 4285 555 4329 i'n
570 4285 641 4338 epist.
657 4286 767 4332 Ciceroni
781 4287 873 4342 scripte
886 4287 933 4342 (ad
947 4291 1013 4334 Fam.
1028 4288 1091 4334 vrit.
1107 4289 1145 4334 1⁵.
1159 4266 1197 4344 a.)
1212 4292 1319 4348 Percote,
1335 4297 1357 4346 si

266 4348 359 4382 manaim
379 4351 451 4385 cotue
465 4344 500 4385 cst
511 4344 656 4396 proveniet
668 4344 714 4388 isto
728 4343 797 4400 nult,
818 4345 881 4401 qitod
894 4346 917 4391 tc
930 4347 1009 4392 edere
1022 4348 1048 4392 et
1060 4349 1138 4392 olomeo
1150 4347 1231 4393 edisio
1245 4349 1357 4404 emisere

266 4397 377 4451 decepte.
407 4397 444 4448 ct.
458 4399 513 4445 amr.
529 4409 583 4455 pag.
597 4401 627 4446 u.
641 4399 696 4447 51⁷.
726 4401 770 4446 tn.
969 4417 971 4420 ·
