2992 5066
495 241 727 308 cmsrocsc
756 243 931 310 caroso
1000 194 1005 203 ’
1054 235 1058 249 ’
1142 267 1144 271 -
1193 251 1239 349 ορ

139 410 293 488 Emipidis
309 413 368 472 loci
379 413 454 474 nibil
467 421 494 473 tc
506 415 656 486 abnuant,
678 407 773 476 καλὸν
789 407 913 490 ὄνειδος,
930 406 1096 478 κάλλιστον
1112 409 1237 492 ὄνειδος.
1294 474 1297 492 ,

138 496 242 555 Ib'earn
263 497 338 560 era'm
358 498 400 556 ita
421 500 543 570 Latine,
567 500 676 576 siquis
697 517 757 556 rem
776 499 945 560 laudabilem
962 502 1035 565 mibi
1045 503 1115 560 uitio
1127 513 1234 575 uertet,

138 577 223 636 uerbi
238 582 359 654 graba,
382 581 458 659 quod
478 591 632 658 mennam
653 581 869 662 interfecerim,
884 585 932 642 cel
947 582 1147 663 quodfalsum
1165 589 1235 646 reb'·
1286 636 1289 644 .

135 663 253 738 gionene
271 666 458 740 oppugnarint
466 707 478 735 ,
508 667 699 724 Christianam
716 675 746 725 el
758 681 860 724 'cerani
878 665 1072 745 defenderitis
1093 670 1234 744 glorio·

137 763 214 802 surn
238 747 418 821 probrum
446 749 542 806 mibi
567 749 714 808 obiicis.
772 749 815 808 Iit
841 759 961 820 contre,
990 751 1022 808 si
1047 753 1111 828 quis
1136 753 1237 828 landet

137 829 316 904 quempiam,
331 832 415 908 quod
429 833 557 908 patrium
573 833 755 910 prodiderit,
779 843 834 892 aut
853 834 929 910 quod
948 834 1040 892 alicui
1056 835 1166 910 uergini
1179 855 1232 912 ge·
1256 863 1259 876 ‹

18 951 25 958 .
135 929 260 975 nerosae
277 946 282 952 -
290 914 460 990 pudicitiam
490 917 646 993 eripuerit,
681 917 792 990 dicam,
832 925 968 994 turpes
996 925 1032 975 et
1061 917 1232 998 infames

136 1011 220 1051 esse
248 995 387 1056 laudes.
430 999 491 1057 Iam
512 1000 548 1056 de
570 1001 648 1064 Aulo
673 1000 761 1058 Gellio
782 1000 858 1058 ebus
879 1000 938 1059 erit
958 999 1126 1077 disputandi
1141 1003 1229 1061 locus.

136 1079 202 1136 Hoc
217 1086 327 1138 tantum
346 1080 456 1150 dicam,
479 1083 509 1141 in
526 1084 657 1141 orab'onc
673 1084 786 1142 Metelli
799 1083 966 1160 peiorem
988 1083 1062 1142 mibi
1074 1084 1169 1143 uideri
1177 1105 1232 1162 po-

106 1163 112 1170 '
135 1160 221 1218 situm
237 1179 295 1237 pro
316 1165 506 1235 minorem,
519 1175 563 1224 ut
580 1167 687 1224 Graeci
694 1163 820 1244 χείρονα
833 1167 937 1226 dieunt
944 1183 1002 1244 pra
1016 1159 1140 1244 ἥττονα.
1173 1169 1231 1227 Fu·

133 1243 183 1319 gu
198 1262 244 1300 me
264 1245 416 1305 admonere
438 1257 466 1306 te
488 1249 524 1306 de
547 1249 600 1320 iis,
623 1267 697 1327 quae
719 1251 823 1308 scribis
844 1251 874 1308 in
895 1259 959 1326 cap.
985 1251 1083 1308 altimo
1104 1251 1153 1310 lib.
1173 1253 1227 1311 IV.

136 1326 189 1389 ubi
209 1328 283 1386 mibi
297 1330 403 1390 m'deris
424 1331 602 1390 dormitasse.
643 1335 721 1392 Nam
743 1333 892 1412 uerborum
908 1335 1021 1392 illarum
1035 1335 1184 1411 Euripidis
1199 1336 1229 1392 in

135 1410 274 1481 Electra,
306 1407 385 1474 ὥστε
404 1410 500 1492 χέρας
524 1410 600 1492 ἐμὰς
621 1416 716 1476 λιπεῖν
736 1413 844 1492 βέλος,
867 1435 923 1475 noa
945 1425 989 1474 est
1014 1435 1051 1474 ea
1072 1419 1226 1488 sententia,
1319 1481 1323 1486 ,

136 1509 222 1570 quom
245 1503 276 1552 tu
295 1507 394 1574 putes.
438 1499 486 1558 Ita
501 1501 578 1558 enirn
598 1500 817 1578 interpreteris,
839 1501 926 1577 quasi
941 1499 1086 1578 significet
1102 1503 1226 1570 Orestes,

136 1595 200 1634 eum
221 1588 315 1637 meter
325 1581 405 1660 flens
423 1583 513 1658 ipsum
530 1591 632 1642 oraret
644 1593 731 1660 etque
744 1583 925 1652 obsecraret,
947 1601 983 1640 nc
997 1602 1028 1642 se
1041 1581 1226 1660 interficeret,

137 1661 223 1718 telum
239 1681 278 1719 eu
295 1665 384 1740 ipsius
399 1664 626 1745 monujugisse,
649 1667 754 1738 idest,
781 1669 906 1726 areston
920 1667 1123 1743 e'rrsprodentem
1139 1667 1245 1724 matri.
1312 1675 1320 1692 ¹
1368 1686 1374 1694 ¹

134 1761 231 1802 necem
250 1746 397 1806 nntubsses
425 1767 480 1826 quo
499 1751 576 1808 nibil
591 1750 745 1808 absurdius
755 1749 840 1826 fingi
860 1758 913 1808 aut
930 1750 1096 1826 recogitari
1110 1758 1227 1826 potest3
1290 1801 1293 1810 .

134 1836 165 1884 et
184 1829 276 1886 miror
298 1831 330 1888 id
348 1830 404 1889 tibi
421 1829 544 1909 unquam
564 1833 593 1890 in
607 1825 725 1892 mentem
747 1835 864 1892 uenisse.
906 1834 981 1892 Nam
1000 1833 1071 1893 baec
1088 1834 1231 1891 sententie.

133 1918 179 1968 est
192 1913 310 1988 potrus:
340 1915 393 1972 ito
413 1916 655 1975 miserabiles
675 1925 714 1975 et
721 1915 885 1996 flebiles
904 1934 1009 1974 uoces
1028 1915 1224 1974 mittebat:

134 1993 191 2051 ito
224 1999 379 2055 mesuis
394 1998 578 2074 precibus
599 1999 850 2060 commonebat
866 2008 1004 2068 meter,
1037 2009 1080 2062 ut
1098 1999 1225 2068 telum,

134 2078 234 2154 qaod
270 2098 337 2156 ego
370 2080 596 2140 districtum
630 2083 797 2142 tenebam
830 2083 876 2142 ad
904 2099 981 2162 eam
1006 2082 1223 2151 accendam,

129 2168 252 2237 paene
271 2163 362 2222 mibi
380 2182 396 2220 e
416 2164 587 2223 manibus
607 2163 818 2224 succideret.
861 2166 895 2224 Ia
915 2164 979 2241 bap.
1006 2167 1059 2223 XI.
1087 2164 1136 2223 b'b.
1158 2165 1222 2222 VII.
1317 2227 1321 2248 ρ

129 2245 255 2320 pre‘rnum
274 2248 451 2324 complacet,
471 2249 548 2326 quod
563 2267 676 2307 navos
695 2251 803 2308 Graece
820 2247 1021 2324 interpretaris
1036 2243 1138 2318 νέους·
1160 2269 1228 2306 uos-

133 2321 205 2399 rob,-
224 2331 327 2430 polim
348 2331 451 2388 dt'cam.
500 2332 550 2390 Sic
571 2333 645 2390 enim
667 2333 841 2390 Plutarchus
869 2331 1031 2412 z'nCatone
1050 2325 1225 2410 masores'*)
1306 2333 1311 2356 ¹

135 2409 297 2473 elaborem
317 2408 355 2492 δὴ
378 2415 442 2474 τῶν
461 2405 626 2492 Ῥωμαίων
646 2407 719 2487 τούς
740 2409 800 2474 ἀπὸ
824 2409 928 2493 γένους
947 2407 1042 2484 δόξαν
1054 2409 1118 2497 ,οὐκ
1140 2407 1226 2490 ἕχον-

131 2515 198 2570 τας,
221 2492 412 2576 ἀρχομένους
432 2491 472 2578 δή
493 2496 694 2579 γνωρίζεσθαι
713 2494 759 2558 δι’
785 2489 904 2574 αὑτῶν,
926 2493 1049 2568 καινοὺς
1069 2499 1225 2576 προόαγο·

133 2575 232 2660 sebur
252 2591 306 2640 etc.
344 2582 453 2640 Deinde
471 2572 630 2654 sentientem,
655 2601 740 2660 quam
757 2583 836 2662 elicis
855 2601 893 2639 ec
910 2583 956 2640 bis
972 2581 1066 2639 uerbis
1084 2584 1118 2658 Q.
1140 2582 1229 2641 Tulb'i
1338 2596 1346 2606 “

131 2665 281 2806 grenones
295 2665 331 2723 de
340 2666 424 2742 petit.
450 2668 589 2725 consulat.
613 2666 725 2725 babes
745 2667 836 2724 enim
857 2682 907 2723 ea.
921 2682 1011 2742 quae
1024 2664 1132 2723 noui.-
1157 2659 1225 2743 (de-

200 2748 273 2805 enim
296 2748 411 2806 uerbum
437 2746 669 2830 babuerunt)
695 2748 951 2826 publicanos,
991 2756 1110 2807 totum
1128 2745 1224 2826 fere

132 2832 530 2909 equestrem·ordinem
548 2842 602 2892 ete.
626 2833 698 2890 mebi
705 2831 833 2910 probari
842 2849 898 2890 noa
911 2840 1017 2908 potest.
1066 2831 1134 2907 (tuis
1150 2830 1223 2888 enim

115 2915 174 2972 itu
199 2913 485 2991 loqm'turlbcbes
505 2933 567 2985 ea,
591 2919 684 2996 quae
703 2915 806 2983 uoci,
829 2915 860 2972 id
884 2923 945 2984 est,
969 2931 1041 2992 quae
1062 2911 1145 2972 scio?
1172 2914 1223 2972 Di·
1304 2929 1306 2938 ¹

132 3015 225 3056 cerem
245 2999 360 3075 potius:
392 2999 509 3058 babes
528 3017 586 3068 ea,
612 3012 708 3076 q'aae
728 3007 808 3056 tute
827 2998 917 3056 scis.
938 2995 1123 3066 'Postrem'o,
1150 2995 1226 3054 nibil
1242 3006 1288 3054 4⁰1

127 3091 201 3158 puto
225 3081 377 3139 tollendum
386 3124 397 3153 ,
420 3081 472 3140 sed
493 3082 651 3140 addendam
670 3081 847 3158 negotionem
866 3099 953 3138 nou:
977 3098 1049 3158 quae
1068 3099 1106 3144 ec
1123 3079 1223 3137 simili·

133 3164 232 3222 nuuc
245 3165 322 3228 uocis
334 3166 525 3243 propinquae,
548 3166 650 3235 noui,
674 3184 692 3223 a
711 3164 840 3222 b‘brariis
852 3164 1058 3240 praetermissa
1076 3170 1128 3220 est.
1160 3164 1221 3222 Ito-

132 3265 187 3324 pue
213 3245 291 3306 totus
313 3248 361 3306 bic
380 3251 458 3307 locus
476 3249 518 3308 sic
533 3249 605 3306 mibi
616 3249 730 3308 videtur
741 3265 802 3305 esse
819 3247 972 3324 legendus:
993 3246 1113 3304 Habes
1133 3245 1222 3304 enirn

132 3349 192 3400 ea,
214 3349 309 3408 quoe
328 3333 501 3390 novimen
521 3323 735 3390 babuerunt
752 3340 806 3389 etc.
848 3332 882 3389 In
909 3347 972 3408 cap.
996 3329 1106 3388 XVIII.
1132 3329 1222 3386 locum

134 3414 299 3485 Ciceronis,
322 3415 375 3492 qui
394 3425 439 3474 est
458 3415 487 3474 in
499 3417 642 3494 prt‘acipio
653 3411 708 3491 ii)
731 3415 791 3473 erus
808 3413 891 3484 b'bri,
904 3414 967 3490 'qai
982 3411 1149 3470 inscribitur
1164 3413 1222 3478 Lu·
1241 3435 1243 3440 ⁴

132 3497 237 3568 cullas,
257 3498 319 3556 siae
334 3497 419 3556 dubio
436 3508 612 3576 corruptum,
637 3499 694 3557 clio
708 3497 790 3556 modo
803 3497 939 3573 corrigis,
962 3491 1106 3575 eliob’ii)
1126 3495 1220 3553 Paull.

132 3579 292 3640 mamone
323 3581 422 3640 Dicam
440 3581 537 3640 b'bere.
568 3583 667 3660 Neque
685 3582 761 3641 luam
775 3600 867 3658 oeque
878 3581 970 3638 Paull.
988 3577 1117 3638 Manutii
1131 3595 1223 3635 emen-

133 3663 277 3722 dationem
299 3664 403 3741 probo.
452 3667 517 3742 Ego
542 3666 707 3744 iampridem
721 3665 843 3742 propius
864 3659 941 3743 (nisi
949 3658 1064 3744 soliar)
1087 3661 1224 3719 accedeus
1315 3712 1321 3723 ,

132 3746 174 3804 cd
200 3748 374 3828 scripturam
407 3758 591 3826 corruptam,
627 3750 669 3808 sie
696 3748 861 3818 eneendeoi3
877 3743 881 3750 “
896 3747 949 3805 sed
972 3753 1107 3823 praestat
1135 3742 1222 3802 cerba

131 3831 176 3890 M.
207 3831 297 3889 Tullii
319 3831 503 3891 adscribere.-
535 3834 623 3892 Nom
652 3831 750 3908 quod
775 3831 905 3890 dicunt
932 3830 1053 3888 omnia
1079 3829 1119 3910 sb
1148 3845 1223 3885 ere·
1264 3861 1267 3874 ι

133 3912 222 3971 dere
242 3915 286 3984 ei,
308 3931 410 3992 quem
432 3915 599 3976 iudicent
611 3914 741 3995 fuisse
761 3915 990 3992 sapientem:
1009 3911 1221 3992 probarem,

134 3998 169 4054 si
193 3995 232 4056 id
258 3998 375 4076 ipsum
405 3999 517 4059 rudes
546 4009 581 4060 et
608 3997 759 4088 indocti
785 3997 961 4057 iudicare
991 3995 1219 4078 potuissent.

192 4180 226 4236 υ)
241 4189 294 4236 cup.
311 4181 332 4226 1.
362 4182 406 4228 Pb.

192 4247 350 4304 *θερμὰ
366 4247 430 4304 §.a
459 4252 507 4302 ra,

192 4317 263 4372 usit)
282 4319 348 4371 Quae
368 4321 501 4374 sequuntur
520 4319 595 4364 verba
614 4316 692 4362 Paul.
706 4313 835 4360 Macestus.
864 4313 947 4360 Diouis
960 4311 1040 4360 libere.
1068 4309 1149 4366 Neque
1161 4307 1224 4354 luam

134 4383 211 4432 acam
226 4394 255 4412 -
268 4375 333 4422 mels
346 4375 438 4424 omissa
452 4377 508 4424 sunt
522 4375 547 4422 in
562 4374 599 4422 ed.
613 4373 693 4422 Petis.
722 4375 768 4420 lto.
1155 4421 1156 4424 Ἴ
