2960 5070
464 252 593 358 elau.
617 261 746 360 aevu.
777 289 916 358 uersa.
1171 297 1241 366 291
1302 233 1304 239 ⁸

235 454 236 460 '
353 461 437 524 Dura
457 459 525 522 tulit
545 469 623 522 terra
643 460 783 540 plurima,
807 460 889 540 plura
909 464 998 524 maria

189 609 193 617 ,
270 549 371 618 Vivit,
394 557 424 606 et
445 556 560 606 evectus
581 544 676 606 rutilis
698 563 787 624 super
806 545 924 606 aethera
943 548 1063 626 peonis,

186 639 228 696 10
352 629 490 690 Maeonio
514 627 620 687 clarum
642 628 768 687 carmine
788 647 890 690 nomen
909 629 1005 691 habet.
1091 689 1096 698 ,
1205 625 1243 656 ''

268 713 367 778 Macte
389 713 503 782 animo,
527 711 645 785 Quinti:
668 709 733 770 dum
757 720 793 769 te
808 731 872 771 sors
894 711 992 772 invida
1011 725 1112 789 vexat,
1163 752 1167 762 ι

352 795 382 856 Α
402 796 559 876 patriisque
579 794 677 873 procul
699 793 802 853 tinibus
823 812 890 854 esse
911 795 1008 868 iubet,
1059 805 1080 831 ·'

267 881 413 946 Virtutem
432 879 482 938 illa
501 887 578 938 tuam
599 888 658 948 toto
678 873 847 955 disseminat
867 875 956 952 orbe,

241 1035 244 1042 Ι
352 962 485 1042 Dumque
506 979 612 1022 nocere
633 962 728 1041 cupit,
752 962 795 1020 sie
818 980 929 1041 quoque
949 979 1036 1024 saeva
1054 963 1142 1026 iuvat.

384 1110 515 1177 xcvri.
559 1107 1047 1195 ceauuioeuauo„
1137 1086 1140 1094 ’
1243 1122 1307 1200 ¹aas

135 1217 138 1230 '
267 1199 425 1309 Perpetuo
447 1247 578 1297 moeres,
601 1243 653 1287 nec
676 1227 807 1294 frontem,
820 1228 982 1307 exporrigis
1004 1248 1143 1308 unquam,

269 1384 270 1390 ἵ
353 1311 483 1372 lloecine
491 1352 501 1382 ,
524 1321 571 1382 tu,
593 1329 717 1388 quaeso,
741 1311 856 1382 vivere,
878 1309 977 1391 Berge
983 1355 996 1386 ,
1017 1312 1128 1374 vocas?
1378 1308 1395 1352 '

267 1395 298 1458 ls
319 1395 429 1457 demum
452 1413 521 1454 vere
545 1385 631 1466 viiii,
654 1394 701 1472 qui
723 1405 816 1456 meato
837 1413 940 1456 serena
1085 1383 1089 1398 ’

351 1477 393 1538 Et
413 1476 502 1537 nitido
523 1477 614 1536 laetos
636 1476 728 1554 exigit
748 1496 800 1536 ore
819 1475 900 1552 dies:

185 1553 225 1622 'li
265 1559 308 1624 Aa
328 1562 376 1642 qui
397 1561 541 1640 perpetuis
564 1569 677 1638 torquet
698 1579 731 1618 se
752 1557 928 1637 areopoleos,
950 1557 1025 1620 huuc
1045 1579 1102 1622 uon
1331 1593 1353 1666 q

349 1643 478 1716 Vivere,
502 1642 553 1703 sed
575 1643 653 1702 lenta
674 1653 765 1703 macte
786 1643 984 1722 perire⁰puto.
1334 1656 1337 1662 ’

274 1793 420 1870 xcvtn.
465 1793 518 1854 ΙΝ
546 1791 715 1856 DlVAM
744 1789 1100 1858 cattianillam.
1334 1818 1338 1828 ¹
1370 1867 1374 1880 ι
1413 1778 1428 1852 s.
1465 1877 1467 1884 Α

267 1895 345 2002 ¹Quo
367 1939 396 1988 te
418 1927 571 2008 praecipue
592 1922 784 1986 commendem
805 1925 938 1998 nomine,
962 1924 1085 2004 Virgo?

213 2021 216 2024 ’
350 2010 429 2070 Laus
450 2011 554 2070 etenim
575 2027 647 2086 quae
670 2019 699 2068 te
719 2009 885 2067 comminor
907 2027 973 2067 csse
988 2010 1099 2086 queat?

266 2093 404 2174 Magnum
427 2104 490 2157 erat
509 2111 624 2151 errores
646 2101 773 2152 veterum
793 2091 913 2168 liquisse
933 2103 1101 2171 parentum,

354 2177 451 2237 Maius
475 2185 506 2234 at
525 2175 674 2255 imperium
697 2173 862 2234 deseruisse
884 2173 947 2233 luit.

206 2266 226 2320 e
268 2260 405 2340 Magnum
427 2267 490 2320 erat
511 2251 642 2318 immanis
664 2257 772 2318 rabiem
796 2257 943 2336 sprevisse
962 2260 1097 2338 tyranni,

352 2343 499 2424 Supplicia
520 2352 549 2400 at
571 2342 662 2400 maius
684 2349 786 2419 sponte
808 2338 905 2399 subire
927 2340 992 2400 ruit.

138 2497 143 2510 ,
266 2425 404 2507 Magnum
428 2436 489 2486 erat
509 2424 555 2484 iris
576 2424 663 2484 vitam
685 2433 786 2504 sponte
805 2420 949 2484 obiecis'se
974 2419 1108 2504 periclisr

352 2509 450 2570 Maius
473 2525 612 2586 nunquam
634 2507 728 2565 auimo
751 2503 935 2566 succubuisse
957 2506 1021 2567 luit.

269 2592 404 2654 Odecus
428 2592 560 2653 eximium
581 2590 691 2670 patriae
715 2607 856 2668 sexusque
877 2590 1010 2670 polique,

206 2683 247 2740 {0
351 2675 460 2738 Dicere
483 2684 512 2734 te
533 2675 637 2734 merito
659 2673 753 2733 nullus
776 2671 883 2734 honore
905 2683 1012 2754 potest.

260 2824 374 2889 xcix.
431 2821 583 2888 usuum
608 2821 665 2883 os
693 2821 746 2884 su
776 2820 871 2885 resa
892 2818 1121 2899 uocumua.

200 2955 208 2962 ”
268 2913 430 3007 illecebras
451 2937 659 3006 intermedias
683 2938 784 3002 educta
807 2941 924 3017 cingo,

279 3023 281 3032 ’
351 3027 397 3086 Re
418 3027 570 3105 princeps,
593 3023 695 3084 mulier
716 3041 856 3105 corpore,
879 3032 973 3082 mente
993 3018 1066 3095 dea,
1110 3029 1113 3036 ⁴

232 3163 234 3166 .
268 3109 346 3174 Nixa
365 3108 439 3182 deo,
464 3105 560 3167 mundi
582 3125 720 3187 spernens
742 3106 816 3166 mala
839 3102 961 3185 gaudia,
984 3105 1041 3174 vici

353 3192 427 3254 Tum
448 3200 589 3274 tormenta
607 3191 718 3265 auimo,
741 3200 799 3252 tum
814 3187 932 3248 ratione
953 3187 1070 3267 sophos.

208 3283 228 3338 ὅ
250 3275 317 3342 Non
336 3285 417 3348 rota,
441 3295 497 3335 aon
519 3273 626 3352 gladii,
651 3293 707 3334 non
727 3274 783 3353 ipsi
805 3269 947 3332 horrenda
968 3281 1090 3352 tyrauuo

207 3435 210 3440 ι
353 3357 437 3419 Mors
457 3359 549 3441 potuit
569 3367 691 3418 mentem
707 3355 780 3418 sede
798 3373 916 3434 movere
937 3373 1039 3414 meam.

270 3443 389 3506 Scilicet
407 3439 482 3504 haud
503 3439 652 3522 quidquam
673 3459 753 3500 meus
775 3433 892 3502 Christo
915 3437 1009 3498 afflata
1028 3447 1163 3500 veretura

353 3525 407 3589 lile
429 3543 509 3585 meae
531 3525 608 3585 vires
630 3534 660 3584 ct
682 3544 745 3584 mea
764 3523 823 3583 vita
842 3521 908 3581 luit.

270 3605 364 3684 Quid,
387 3608 464 3668 ioit‘l
485 3618 604 3688 estque,
625 3607 746 3686 luitque,
769 3617 853 3684 atque
874 3604 1006 3665 estsine
1027 3603 1082 3664 fine
1102 3601 1232 3664 latur-usa

126 3747 129 3751 .
212 3696 253 3752 10
306 3749 312 3760 ,
354 3690 531 3772 Principium
553 3692 725 3752 vitaemors
749 3687 828 3749 dedit
848 3688 911 3768 ipsa
932 3686 1013 3748 milii.
1147 3707 1176 3712 ··

272 3776 331 3853 Qui
353 3774 427 3853 logis
451 3775 541 3847 haec,
564 3775 607 3834 sie
627 3785 657 3832 tu
680 3785 710 3834 to
732 3773 816 3834 etiam
838 3789 995 3851 compone,
1019 3770 1131 3830 viatorz

354 3857 439 3918 Mors
460 3858 513 3918 tihi
533 3877 586 3939 pro
607 3855 727 3917 Christo
745 3857 805 3918 vita
824 3855 960 3937 perennis
982 3852 1050 3915 erit.
1141 3930 1144 3939 y

448 4004 485 4069 e.
528 4007 586 4069 mr
622 4003 932 4084 ouusuxau.
992 4042 996 4054 .

273 4087 408 4192 Quidam
430 4125 556 4185 ieiunum
576 4144 622 4184 me
644 4123 772 4184 clamitat
791 4111 858 4183 esse
880 4124 1008 4202 poetam,
1331 4169 1340 4208 Ι

357 4207 398 4267 Et
419 4195 507 4280 mihi,
530 4210 608 4268 sicca
628 4207 712 4267 nimis
733 4205 859 4266 earmina
880 4203 1003 4275 condis,
1022 4203 1080 4263 ait:
1270 4211 1271 4214 ’

271 4287 339 4370 lpse
362 4302 427 4351 uota
451 4289 503 4353 sed
525 4292 600 4352 enim
622 4291 700 4370 earpi
723 4309 761 4348 ne
783 4288 876 4368 possit
894 4285 1011 4359 eadem,
1253 4291 1300 4338 tlt

357 4367 487 4454 Egregia
507 4371 632 4456 prudens
653 4371 808 4434 calliditate
830 4380 932 4432 eavete
953 4407 955 4412 ·
996 4448 1069 4516 1⁹*

441 4639 451 4674 Ι
