2934 5070
140 355 142 363 Ι
243 337 320 373 ,ἱ
490 279 850 358 orununnunnm
901 269 903 272 ’
963 233 976 251 ”
1088 281 1205 352 xatta

113 463 169 526 per
183 463 218 506 ea
238 465 271 506 re
287 446 436 510 nntmmm
456 448 613 508 sententias
631 451 851 528 exquisiissem
872 451 966 528 reperi
980 460 1009 524 te
1023 447 1053 509 id
1066 447 1141 530 qnod
1152 449 1205 510 ribi

5 561 6 566 κ
84 552 89 560 ·
114 531 208 607 gnatis
224 529 340 590 concedi
357 531 496 610 postulas,
511 551 546 590 ne
558 551 662 610 magna
676 532 786 613 quidem
800 534 828 594 vi
844 534 981 613 pecuniae
994 545 1138 594 numerata
1155 533 1205 593 ob-

114 613 209 672 tinere
225 631 323 692 posse.
366 613 501 685 Omnino,
523 609 658 686 Melisse,
681 607 839 678 ἀδυνάτων
856 616 938 704 ἐρᾷς.
983 615 1053 676 Fuit
1070 617 1135 676 olim
1152 617 1205 676 dli·
1231 671 1236 680 .

114 693 190 774 quod
213 707 343 775 tempus,
366 716 429 770 qum
450 695 507 756 ista
529 697 695 776 quibusdam
715 701 927 762 tribuebantart
957 711 1022 781 post
1042 697 1203 760 Concilium
1262 755 1265 760 .

113 777 312 839 Tridentinnm
334 781 439 839 nemini
460 800 598 842 concessa
615 793 696 856 sunt,
721 803 812 863 neque
833 803 899 864 spes
913 793 958 842 est
970 802 1136 855 concessam
1154 784 1202 842 iri.

113 861 181 920 Hoc
197 860 233 922 ad
250 873 279 922 te
296 883 331 923 eo
348 864 442 940 senius
459 865 574 936 scribo,
595 865 669 944 qnod
683 867 740 926 nisi
755 887 789 928 re
801 866 956 945 diligenter
971 867 1116 944 explorata
1132 866 1205 924 scri·

114 943 184 1004 bere
202 945 297 1017 nolui3
322 957 351 1006 et
370 947 547 1006 clarissimus
563 968 673 1028 quoque
688 951 735 1009 vir
749 949 857 1009 Orator
874 951 971 1028 regins
986 949 1074 1021 mibi,
1097 960 1127 1008 nt
1140 948 1205 1008 dili-

114 1026 218 1106 genter
231 1047 409 1106 quaererem,
422 1029 619 1090 mandaverat:
637 1034 769 1112 cupiebat
784 1035 857 1093 enim
874 1053 936 1092 cunr
951 1033 1091 1091 Pontibce
1103 1051 1202 1112 agere,

116 1112 143 1170 si
163 1130 229 1190 spes
252 1112 308 1172 ulla
324 1123 441 1174 ostensa
457 1125 537 1172 esset
558 1114 665 1194 aliquid
686 1105 814 1176 effectum
836 1117 884 1175 iri.
929 1115 1022 1176 Nobis
1042 1117 1125 1195 ipsis,
1150 1115 1205 1174 boo

115 1203 162 1254 est
188 1193 380 1256 cubiculariis
407 1197 603 1276 Apostolicis,
632 1199 769 1259 militibus
794 1200 851 1260 SS.
876 1199 958 1259 Petri
986 1209 1015 1258 et
1040 1199 1141 1270 Pauli,
1169 1217 1205 1257 ea

115 1297 206 1358 prope
235 1280 337 1366 omnip·
353 1298 425 1357 quae
448 1291 478 1340 tu
503 1281 578 1359 petis
606 1301 622 1339 a
647 1283 841 1362 superioribus
861 1280 1048 1342 Pontificibus
1066 1277 1206 1346 conre'ssa

82 1390 89 1403 ·
116 1370 219 1433 erant3
249 1358 317 1433 sed,
345 1373 378 1426 ut
398 1362 474 1435 dixi,
505 1374 571 1444 post
588 1363 785 1424 Tridentinum
809 1365 968 1425 Concilium
993 1365 1102 1424 sublata
1126 1375 1204 1424 sunta

41 1451 50 1456 “
113 1441 214 1522 ltaque
237 1443 312 1504 aliud
335 1447 477 1525 quippiam
493 1447 543 1506 tibi
563 1446 713 1522 videndum
732 1459 794 1520 est,
818 1451 848 1512 in
867 1469 923 1528 qun
938 1459 965 1508 et
981 1447 1114 1508 Oratoris
1129 1447 1205 1526 regii
1259 1458 1264 1464 '

24 1585 30 1592 ,
115 1537 146 1586 et
165 1547 254 1586 meam
274 1547 342 1606 erga
361 1539 391 1587 te
414 1529 586 1590 voluntatem
604 1531 711 1610 liquido
725 1533 890 1611 perspicere
904 1531 1010 1611 possis.
1054 1525 1216 1610 Nunquam

114 1611 190 1670 enim
211 1611 349 1690 patiemur
365 1613 531 1694 quidquam,
555 1613 628 1692 quod
648 1617 677 1675 in
693 1626 832 1695 potestate
854 1626 952 1675 nostra
970 1615 1054 1673 situm
1072 1615 1120 1686 sit,
1145 1615 1206 1674 frn-

114 1703 176 1752 stra
189 1713 208 1761 ,a
220 1692 250 1752 te
266 1692 435 1758 desiderari.
480 1695 628 1757 Manutius
648 1697 695 1758 bic
712 1710 767 1758 cst.
813 1698 886 1758 Cum
904 1718 938 1758 eo
956 1699 1105 1776 aliquoties
1121 1695 1156 1756 de
1173 1715 1206 1756 re

101 1785 163 1856 *tna
187 1777 297 1836 locutus
326 1798 398 1847 snm.
443 1778 497 1840 Ait
523 1801 555 1840 se
580 1801 684 1860 cupere
704 1784 799 1842 omnia
821 1784 936 1854 iacere3
966 1779 1016 1840 sed
1036 1773 1207 1864 χρημάτων

114 1855 240 1942 ἀπορεῖν
247 1907 257 1936 ,
281 1861 322 1920 ita
342 1873 374 1921 ut
396 1875 506 1942 sumptu
529 1884 582 1924 suo
604 1865 701 1924 lacere
722 1865 752 1925 id
772 1863 845 1944 quod
859 1866 1008 1935 volumus,
1033 1885 1089 1923 non
1106 1874 1202 1942 queat.

113 1943 182 2002 Non
201 1955 268 2024 puto
286 1963 348 2003 eum
368 1946 495 2025 fingere:
519 1948 601 2028 plane
616 1950 689 2009 enim
707 1949 780 2008 male
797 1968 814 2007 a
830 1967 862 2008 re
880 1947 1035 2008 domestica
1049 1949 1205 2008 instructus

114 2036 170 2085 cst.
214 2026 259 2084 Mi
279 2027 420 2103 Melisse,
449 2031 512 2091 vale
538 2041 568 2091 et
590 2051 655 2092 ama
673 2051 729 2093 me.
771 2031 892 2100 Romae.
913 2032 954 2093 V.
972 2029 1095 2090 lbalcnd.
1116 2031 1205 2092 lulias

114 2107 325 2172 MDLXXIX.
530 2126 534 2138 ·
1068 2162 1070 2166 ,

512 2231 782 2253 *⁸⁸*-

135 2275 228 2391 nv.¹
256 2326 586 2406 maturemus
693 2327 859 2394 nunus
886 2328 1185 2392 nucusnrno
1218 2335 1247 2384 s

421 2425 625 2489 annuns
700 2429 781 2506 qs.
804 2425 893 2512 os)

113 2523 166 2618 Et
181 2571 264 2620 antea
283 2570 311 2620 te
327 2559 453 2620 amabam
473 2579 510 2621 ex
525 2561 679 2620 amicorum
696 2563 882 2622 communium
900 2562 1089 2634 sermonibus,
1112 2571 1141 2621 et
1159 2581 1206 2620 ac-

70 2679 72 2686 ·
114 2645 206 2722 ceptis
223 2645 260 2702 iis
276 2643 397 2715 litteris,
421 2663 490 2722 quas
507 2642 543 2703 ad
556 2663 601 2705 me
617 2646 812 2725 superioribus
828 2644 927 2705 diebus
946 2643 1062 2717 dedisti,
1085 2646 1206 2704 mirifica
1225 2661 1273 2711 ner

115 2725 251 2804 quaedam
269 2727 346 2786 lacta
363 2725 398 2786 ad
413 2727 560 2806 pristinam
575 2745 667 2788 meane
683 2747 753 2808 erga
771 2741 799 2790 te
813 2729 984 2788 voluntatem
1005 2729 1135 2788 accessio
1147 2737 1203 2787 est.

115 2807 308 2869 Continebant
335 2811 466 2880 enimet
487 2810 588 2870 multas
609 2809 788 2894 mininetffi)
816 2811 952 2871 obscuras
979 2812 1205 2890 significationes

116 2911 208 2971 nequo
222 2892 350 2971 vulgaris
362 2891 509 2952 doctrinae
526 2903 555 2952 et
570 2896 675 2954 amoris
691 2914 760 2972 erga
775 2915 819 2956 me
833 2913 921 2974 prope
937 2895 1103 2972 singularis.
1128 2895 1206 2968 Qua-

96 2993 149 3036 ·re
170 2977 217 3056 qui
240 2976 429 3035 libentissime
448 2975 555 3058 soleam
574 2997 670 3036 amore
691 2979 839 3056 complecti
853 2997 903 3036 eos
919 2995 1037 3048 omnes,
1060 2977 1160 3058 quibus
1175 2974 1206 3036 in

115 3060 187 3138 ipsis
204 3056 310 3138 aliquid
328 3068 373 3118 cst
387 3078 439 3118 cur
454 3069 599 3132 amentur,
621 3071 652 3120 et
667 3079 719 3120 cos
732 3063 818 3120 multo
836 3062 920 3122 etiam
936 3060 1081 3133 libentius,
1104 3061 1206 3138 quibus
1267 3134 1271 3144 ¹

116 3162 162 3202 me
184 3162 279 3202 carum
300 3161 365 3202 esse
389 3143 499 3201 sentio:
529 3154 576 3215 te,
607 3144 636 3202 in
659 3163 741 3222 quern
762 3145 859 3204 borum
880 3154 1028 3222 utrumque
1050 3145 1204 3215 concurrit,

117 3226 173 3285 nisi
189 3227 244 3284 mei
259 3219 407 3286 dissimilis
421 3243 487 3284 esse
498 3226 595 3298 velim,
605 3225 789 3288 vehementer
802 3247 890 3288 amem
907 3245 1027 3287 necesse
1041 3238 1095 3286 est.
1113 3227 1207 3292 Acce·

117 3305 159 3367 dit
172 3309 222 3367 illa
234 3327 344 3387 quoque
361 3309 466 3367 amoris
481 3329 594 3380 caussa,
611 3309 684 3388 qnod
703 3331 831 3388 magnam
849 3311 900 3369 tibi
919 3321 947 3370 et
960 3321 1066 3368 arctam
1082 3311 1206 3370 familia·

116 3393 229 3452 ritatem
245 3411 306 3452 cum
322 3390 413 3451 Paulo
426 3391 559 3452 Manutio
575 3393 666 3454 inisse
682 3393 777 3456 video:
796 3411 876 3474 quam
891 3412 947 3470 ego
959 3403 989 3451 ct
1007 3393 1099 3452 vitum
1114 3394 1206 3453 amavi
1237 3471 1239 3475 Ι

117 3477 210 3546 unice,
234 3485 263 3534 et
278 3477 380 3534 mortni
400 3477 563 3535 memoriam
582 3478 775 3549 sanctissime,
800 3475 947 3548 redebeo,
970 3477 1059 3534 colo*
1089 3474 1207 3554 Siquid
1240 3475 1243 3478 ’
1322 3535 1325 3544 ,

116 3559 205 3636 igitur
222 3558 273 3617 tibi
289 3558 318 3616 in
338 3570 457 3618 mentem
473 3561 586 3638 veniet,
610 3562 640 3619 in
657 3579 711 3640 quo
734 3579 778 3620 me
794 3571 842 3620 tua
857 3577 960 3618 caussa
973 3556 1079 3637 aliquid
1094 3559 1207 3619 efficere

116 3661 203 3722 posse
221 3641 384 3713 arbitreris,
400 3643 487 3700 facito
499 3654 529 3702 nt
541 3641 577 3703 de
592 3662 627 3704 ao
642 3664 686 3703 me
700 3645 791 3704 amice
804 3655 832 3703 et
847 3642 1028 3702 lanriliariter
1040 3640 1204 3702 admonens.

116 3725 199 3785 Nihil.
221 3726 295 3784 enim
315 3726 389 3796 erit,
413 3723 486 3802 quod
508 3747 562 3785 non
584 3727 614 3784 in
638 3728 759 3806 gratiam
775 3738 850 3800 tuam
872 3743 978 3797 conen,
1002 3744 1093 3802 neque
1108 3726 1207 3784 ullain
1247 3768 1250 3772 -

117 3827 149 3869 re
167 3809 259 3888 patiar
272 3828 288 3868 a
303 3819 331 3868 te
348 3818 396 3867 ant
411 3827 525 3888 operam
540 3820 589 3870 ant
604 3809 686 3870 iidem
703 3821 751 3870 aut
765 3811 885 3889 gratiam
901 3827 1003 3880 meam,
1023 3809 1157 3886 quantula
1172 3828 1208 3868 ea

118 3911 236 3971 cumque
258 3901 320 3964 est,
345 3888 516 3952 desiderari:
559 3892 766 3967 Adolescenti,
792 3911 874 3974 quem
898 3890 967 3952 mibi
989 3891 1210 3964 commendasti,

173 4072 207 4127 ιι)
226 4074 371 4118 remman
395 4072 536 4130 inscriptum
555 4075 607 4122 atla
625 4086 705 4123 manu.
739 4075 803 4122 Huic
820 4074 904 4120 sertbtt
923 4077 947 4120 et
967 4073 1090 4120 Manutius
1110 4085 1147 4129 ep.
1168 4072 1207 4135 ιθ.

110 4129 157 4175 lib.
173 4131 236 4174 Vlll.
264 4131 358 4174 annn.
373 4153 402 4164 -·
429 4133 502 4186 Apud
517 4134 651 4179 Manutium
665 4143 760 4189 quoqne
775 4138 835 4178 baec
850 4136 888 4177 est
902 4130 1040 4184 menelotio:
1060 4132 1208 4176 A⁰⁰¹J⁸¹¹b0

116 4188 267 4234 Anaensnuo
282 4186 439 4242 Rubrianum
453 4188 516 4233 sicut
530 4190 595 4247 abbi,
611 4193 700 4236 lacero
716 4193 840 4238 Fancomo
855 4188 936 4246 Pisas,
951 4190 1078 4245 Fronnreo
1096 4189 1207 4234 Vrvneuo
1247 4197 1258 4214 ¹

116 4243 197 4290 Pisas.
226 4242 262 4289 cf.
277 4241 340 4288 mna
354 4245 438 4290 XXVI„
455 4248 480 4290 et
493 4247 590 4293 XXth.
619 4251 664 4294 Fu.

174 4315 227 4372 ne)
241 4315 357 4370 Suspicor
371 4327 387 4361 a
400 4319 496 4364 mureto
510 4319 625 4377 scriptum
639 4318 731 4378 tubae,
753 4319 840 4366 mutter
852 4319 876 4365 et
889 4318 995 4376 rtrurtme,
1018 4317 1060 4364 vot
1074 4315 1170 4375 notius,
1185 4314 1211 4362 rt
1270 4369 1278 4378 q,

117 4372 343 4420 nndtmdnrtmnre
357 4375 420 4424 otae.
448 4377 496 4446 Fre
602 4405 616 4430 ,
1091 4375 1094 4382 ’
