<?xml version="1.0" encoding="UTF-8"?>
<!DOCTYPE html PUBLIC "-//W3C//DTD XHTML 1.0 Transitional//EN"
    "http://www.w3.org/TR/xhtml1/DTD/xhtml1-transitional.dtd">
<html xmlns="http://www.w3.org/1999/xhtml" xml:lang="en" lang="en">
 <head>
  <title>
</title>
<meta http-equiv="Content-Type" content="text/html;charset=utf-8" />
  <meta name='ocr-system' content='tesseract 3.04.00' />
  <meta name='ocr-capabilities' content='ocr_page ocr_carea ocr_par ocr_line ocrx_word'/>
</head>
<body>
  <div class='ocr_page' id='page_1' title='image "./mantoniimuretio00lazegoog_0418.png"; bbox 0 0 2934 5070; ppageno 0'>
   <div class='ocr_carea' id='block_1_1' title="bbox 672 47 758 81">
    <p class='ocr_par' dir='ltr' id='par_1_1' title="bbox 672 47 758 81">
     <span class='ocr_line' id='line_1_1' title="bbox 672 47 758 81; baseline 0 0"><span class='ocrx_word' id='word_1_1' title='bbox 672 47 683 68; x_wconf 67' lang='lat'>⁸</span> <span class='ocrx_word' id='word_1_2' title='bbox 749 53 758 81; x_wconf 82' lang='grc'><em>1</em></span> 
     </span>
    </p>
   </div>
   <div class='ocr_carea' id='block_1_2' title="bbox 155 196 930 328">
    <p class='ocr_par' dir='ltr' id='par_1_2' title="bbox 155 196 930 328">
     <span class='ocr_line' id='line_1_2' title="bbox 155 196 930 328; baseline 0.004 -11"><span class='ocrx_word' id='word_1_3' title='bbox 155 196 156 208; x_wconf 16' lang='lat' dir='ltr'><strong>l</strong></span> <span class='ocrx_word' id='word_1_4' title='bbox 253 255 320 328; x_wconf 81' lang='lat' dir='ltr'><strong>tte</strong></span> <span class='ocrx_word' id='word_1_5' title='bbox 384 229 400 249; x_wconf 78' lang='grc'><strong>“</strong></span> <span class='ocrx_word' id='word_1_6' title='bbox 684 253 930 320; x_wconf 76' lang='lat' dir='ltr'><strong>auersatum</strong></span> 
     </span>
    </p>
   </div>
   <div class='ocr_carea' id='block_1_3' title="bbox 147 419 1402 4172">
    <p class='ocr_par' dir='ltr' id='par_1_3' title="bbox 147 419 1402 4172">
     <span class='ocr_line' id='line_1_3' title="bbox 255 419 1363 506; baseline -0.004 -20"><span class='ocrx_word' id='word_1_7' title='bbox 255 421 330 506; x_wconf 90' lang='lat' dir='ltr'><strong>quod</strong></span> <span class='ocrx_word' id='word_1_8' title='bbox 344 422 460 486; x_wconf 86' lang='lat' dir='ltr'><strong>verbum</strong></span> <span class='ocrx_word' id='word_1_9' title='bbox 484 431 589 504; x_wconf 78' lang='lat' dir='ltr'><strong>ponant</strong></span> <span class='ocrx_word' id='word_1_10' title='bbox 604 419 679 502; x_wconf 86' lang='lat' dir='ltr'><strong>quod</strong></span> <span class='ocrx_word' id='word_1_11' title='bbox 699 445 755 484; x_wconf 91' lang='lat' dir='ltr'><strong>non</strong></span> <span class='ocrx_word' id='word_1_12' title='bbox 777 443 794 502; x_wconf 87' lang='lat' dir='ltr'><strong>e</strong></span> <span class='ocrx_word' id='word_1_13' title='bbox 814 423 957 485; x_wconf 87' lang='lat' dir='ltr'><strong>Cicerone</strong></span> <span class='ocrx_word' id='word_1_14' title='bbox 974 420 1181 502; x_wconf 74' lang='lat' dir='ltr'><strong>decerpserint,</strong></span> <span class='ocrx_word' id='word_1_15' title='bbox 1205 443 1363 503; x_wconf 86' lang='lat' dir='ltr'><strong>saepenu-</strong></span> 
     </span>
     <span class='ocr_line' id='line_1_4' title="bbox 256 506 1360 586; baseline -0.005 -17"><span class='ocrx_word' id='word_1_16' title='bbox 256 529 336 570; x_wconf 87' lang='lat' dir='ltr'><strong>mero</strong></span> <span class='ocrx_word' id='word_1_17' title='bbox 355 508 522 586; x_wconf 82' lang='lat' dir='ltr'><strong>longissime</strong></span> <span class='ocrx_word' id='word_1_18' title='bbox 541 508 578 567; x_wconf 90' lang='lat' dir='ltr'><strong>eb</strong></span> <span class='ocrx_word' id='word_1_19' title='bbox 593 506 762 568; x_wconf 75' lang='lat' dir='ltr'><strong>Aristotelis</strong></span> <span class='ocrx_word' id='word_1_20' title='bbox 781 509 923 568; x_wconf 84' lang='lat' dir='ltr'><strong>sentemie</strong></span> <span class='ocrx_word' id='word_1_21' title='bbox 936 508 1105 566; x_wconf 77' lang='lat' dir='ltr'><strong>aberrasses</strong></span> <span class='ocrx_word' id='word_1_22' title='bbox 1127 509 1222 586; x_wconf 87' lang='lat' dir='ltr'><strong>ltaque</strong></span> <span class='ocrx_word' id='word_1_23' title='bbox 1238 509 1360 566; x_wconf 84' lang='lat' dir='ltr'><strong>alteros</strong></span> 
     </span>
     <span class='ocr_line' id='line_1_5' title="bbox 256 591 1360 670; baseline -0.003 -19"><span class='ocrx_word' id='word_1_24' title='bbox 256 613 274 652; x_wconf 87' lang='lat' dir='ltr'><strong>a</strong></span> <span class='ocrx_word' id='word_1_25' title='bbox 290 591 383 651; x_wconf 89' lang='lat' dir='ltr'><strong>multis</strong></span> <span class='ocrx_word' id='word_1_26' title='bbox 399 601 515 670; x_wconf 88' lang='lat' dir='ltr'><strong>propter</strong></span> <span class='ocrx_word' id='word_1_27' title='bbox 528 591 666 651; x_wconf 87' lang='lat' dir='ltr'><strong>orationis</strong></span> <span class='ocrx_word' id='word_1_28' title='bbox 677 592 861 670; x_wconf 69' lang='lat' dir='ltr'><strong>asperitatem</strong></span> <span class='ocrx_word' id='word_1_29' title='bbox 879 611 934 650; x_wconf 88' lang='lat' dir='ltr'><strong>eon</strong></span> <span class='ocrx_word' id='word_1_30' title='bbox 953 591 1075 668; x_wconf 82' lang='lat' dir='ltr'><strong>ettingi;</strong></span> <span class='ocrx_word' id='word_1_31' title='bbox 1097 591 1204 652; x_wconf 78' lang='lat' dir='ltr'><strong>alteros</strong></span> <span class='ocrx_word' id='word_1_32' title='bbox 1221 591 1360 650; x_wconf 80' lang='lat' dir='ltr'><strong>edoctis</strong></span> 
     </span>
     <span class='ocr_line' id='line_1_6' title="bbox 256 669 1356 758; baseline -0.004 -22"><span class='ocrx_word' id='word_1_33' title='bbox 256 687 286 736; x_wconf 89' lang='lat' dir='ltr'><strong>et</strong></span> <span class='ocrx_word' id='word_1_34' title='bbox 316 673 540 752; x_wconf 82' lang='lat' dir='ltr'><strong>intelligentibus</strong></span> <span class='ocrx_word' id='word_1_35' title='bbox 570 685 686 752; x_wconf 89' lang='lat' dir='ltr'><strong>propter</strong></span> <span class='ocrx_word' id='word_1_36' title='bbox 706 677 910 735; x_wconf 88' lang='lat' dir='ltr'><strong>sententiarum</strong></span> <span class='ocrx_word' id='word_1_37' title='bbox 934 669 1164 758; x_wconf 77' lang='lat' dir='ltr'><strong>deprivatior&#39;rem</strong></span> <span class='ocrx_word' id='word_1_38' title='bbox 1186 673 1356 754; x_wconf 80' lang='lat' dir='ltr'><strong>repudiari.</strong></span> 
     </span>
     <span class='ocr_line' id='line_1_7' title="bbox 254 756 1358 836; baseline -0.004 -18"><span class='ocrx_word' id='word_1_39' title='bbox 254 758 365 818; x_wconf 85' lang='lat' dir='ltr'><strong>Harum</strong></span> <span class='ocrx_word' id='word_1_40' title='bbox 380 757 443 836; x_wconf 89' lang='lat' dir='ltr'><strong>ipse</strong></span> <span class='ocrx_word' id='word_1_41' title='bbox 457 757 708 836; x_wconf 78' lang='lat' dir='ltr'><strong>reprehensionum</strong></span> <span class='ocrx_word' id='word_1_42' title='bbox 723 770 754 820; x_wconf 88' lang='lat' dir='ltr'><strong>ut</strong></span> <span class='ocrx_word' id='word_1_43' title='bbox 769 759 799 816; x_wconf 90' lang='lat' dir='ltr'><strong>in</strong></span> <span class='ocrx_word' id='word_1_44' title='bbox 815 769 942 818; x_wconf 76' lang='lat' dir='ltr'><strong>neutram</strong></span> <span class='ocrx_word' id='word_1_45' title='bbox 960 756 1112 829; x_wconf 85' lang='lat' dir='ltr'><strong>incideret,</strong></span> <span class='ocrx_word' id='word_1_46' title='bbox 1134 777 1237 836; x_wconf 88' lang='lat' dir='ltr'><strong>magno</strong></span> <span class='ocrx_word' id='word_1_47' title='bbox 1251 757 1358 818; x_wconf 90' lang='lat' dir='ltr'><strong>studio</strong></span> 
     </span>
     <span class='ocr_line' id='line_1_8' title="bbox 255 838 1357 922; baseline -0.005 -20"><span class='ocrx_word' id='word_1_48' title='bbox 255 843 354 902; x_wconf 88' lang='lat' dir='ltr'><strong>enisus</strong></span> <span class='ocrx_word' id='word_1_49' title='bbox 374 852 434 900; x_wconf 77' lang='lat' dir='ltr'><strong>este</strong></span> <span class='ocrx_word' id='word_1_50' title='bbox 459 859 493 900; x_wconf 90' lang='lat' dir='ltr'><strong>ae</strong></span> <span class='ocrx_word' id='word_1_51' title='bbox 514 850 646 918; x_wconf 89' lang='lat' dir='ltr'><strong>quantum</strong></span> <span class='ocrx_word' id='word_1_52' title='bbox 665 861 720 920; x_wconf 88' lang='lat' dir='ltr'><strong>ego</strong></span> <span class='ocrx_word' id='word_1_53' title='bbox 738 839 849 922; x_wconf 89' lang='lat' dir='ltr'><strong>quidem</strong></span> <span class='ocrx_word' id='word_1_54' title='bbox 870 838 998 900; x_wconf 80' lang='lat' dir='ltr'><strong>iudicare</strong></span> <span class='ocrx_word' id='word_1_55' title='bbox 1013 859 1148 920; x_wconf 86' lang='lat' dir='ltr'><strong>possum,</strong></span> <span class='ocrx_word' id='word_1_56' title='bbox 1169 841 1215 900; x_wconf 90' lang='lat' dir='ltr'><strong>vel</strong></span> <span class='ocrx_word' id='word_1_57' title='bbox 1230 841 1357 900; x_wconf 87' lang='lat' dir='ltr'><strong>omnino</strong></span> 
     </span>
     <span class='ocr_line' id='line_1_9' title="bbox 254 922 1357 1003; baseline -0.002 -19"><span class='ocrx_word' id='word_1_58' title='bbox 254 926 300 984; x_wconf 86' lang='lat' dir='ltr'><strong>vel</strong></span> <span class='ocrx_word' id='word_1_59' title='bbox 319 944 355 984; x_wconf 78' lang='lat' dir='ltr'><strong>cx</strong></span> <span class='ocrx_word' id='word_1_60' title='bbox 373 925 493 982; x_wconf 86' lang='lat' dir='ltr'><strong>maxima</strong></span> <span class='ocrx_word' id='word_1_61' title='bbox 513 931 592 1001; x_wconf 84' lang='lat' dir='ltr'><strong>perte</strong></span> <span class='ocrx_word' id='word_1_62' title='bbox 616 922 645 983; x_wconf 89' lang='lat' dir='ltr'><strong>id</strong></span> <span class='ocrx_word' id='word_1_63' title='bbox 666 923 740 1003; x_wconf 91' lang='lat' dir='ltr'><strong>quod</strong></span> <span class='ocrx_word' id='word_1_64' title='bbox 762 925 849 984; x_wconf 88' lang='lat' dir='ltr'><strong>voluit</strong></span> <span class='ocrx_word' id='word_1_65' title='bbox 868 935 1057 986; x_wconf 60' lang='lat' dir='ltr'><strong>consecuisse</strong></span> <span class='ocrx_word' id='word_1_66' title='bbox 1092 923 1161 984; x_wconf 81' lang='lat' dir='ltr'><strong>Erit</strong></span> <span class='ocrx_word' id='word_1_67' title='bbox 1180 935 1276 984; x_wconf 81' lang='lat' dir='ltr'><strong>auten</strong></span> <span class='ocrx_word' id='word_1_68' title='bbox 1304 923 1357 982; x_wconf 90' lang='lat' dir='ltr'><strong>bic</strong></span> 
     </span>
     <span class='ocr_line' id='line_1_10' title="bbox 254 1005 1355 1088; baseline 0 -22"><span class='ocrx_word' id='word_1_69' title='bbox 254 1007 336 1068; x_wconf 90' lang='lat' dir='ltr'><strong>labor</strong></span> <span class='ocrx_word' id='word_1_70' title='bbox 353 1007 431 1066; x_wconf 90' lang='lat' dir='ltr'><strong>utilis</strong></span> <span class='ocrx_word' id='word_1_71' title='bbox 454 1017 483 1066; x_wconf 91' lang='lat' dir='ltr'><strong>ct</strong></span> <span class='ocrx_word' id='word_1_72' title='bbox 503 1007 665 1066; x_wconf 79' lang='lat' dir='ltr'><strong>fructuosus</strong></span> <span class='ocrx_word' id='word_1_73' title='bbox 681 1029 734 1066; x_wconf 90' lang='lat' dir='ltr'><strong>noo</strong></span> <span class='ocrx_word' id='word_1_74' title='bbox 751 1005 969 1088; x_wconf 76' lang='lat' dir='ltr'><strong>modorudibus</strong></span> <span class='ocrx_word' id='word_1_75' title='bbox 985 1008 1158 1066; x_wconf 83' lang='lat' dir='ltr'><strong>Graecarum</strong></span> <span class='ocrx_word' id='word_1_76' title='bbox 1173 1009 1355 1076; x_wconf 81' lang='lat' dir='ltr'><strong>litterarum,</strong></span> 
     </span>
     <span class='ocr_line' id='line_1_11' title="bbox 223 1089 1356 1172; baseline -0.002 -22"><span class='ocrx_word' id='word_1_77' title='bbox 223 1089 226 1101; x_wconf 85' lang='grc'><strong>“</strong></span> <span class='ocrx_word' id='word_1_78' title='bbox 253 1090 433 1172; x_wconf 83' lang='lat' dir='ltr'><strong>(quamquem</strong></span> <span class='ocrx_word' id='word_1_79' title='bbox 463 1091 500 1150; x_wconf 89' lang='lat' dir='ltr'><strong>iis</strong></span> <span class='ocrx_word' id='word_1_80' title='bbox 521 1089 632 1170; x_wconf 90' lang='lat' dir='ltr'><strong>quidem</strong></span> <span class='ocrx_word' id='word_1_81' title='bbox 655 1089 839 1172; x_wconf 59' lang='lat' dir='ltr'><strong>plurimum)</strong></span> <span class='ocrx_word' id='word_1_82' title='bbox 870 1092 1073 1150; x_wconf 89' lang='lat' dir='ltr'><strong>verumetiam</strong></span> <span class='ocrx_word' id='word_1_83' title='bbox 1098 1090 1228 1150; x_wconf 86' lang='lat' dir='ltr'><strong>eruditis.</strong></span> <span class='ocrx_word' id='word_1_84' title='bbox 1279 1091 1356 1148; x_wconf 91' lang='lat' dir='ltr'><strong>Non</strong></span> 
     </span>
     <span class='ocr_line' id='line_1_12' title="bbox 254 1173 1355 1253; baseline -0.002 -20"><span class='ocrx_word' id='word_1_85' title='bbox 254 1176 330 1234; x_wconf 90' lang='lat' dir='ltr'><strong>enim</strong></span> <span class='ocrx_word' id='word_1_86' title='bbox 349 1193 446 1253; x_wconf 88' lang='lat' dir='ltr'><strong>perum</strong></span> <span class='ocrx_word' id='word_1_87' title='bbox 462 1192 549 1252; x_wconf 86' lang='lat' dir='ltr'><strong>saepe</strong></span> <span class='ocrx_word' id='word_1_88' title='bbox 563 1175 721 1252; x_wconf 88' lang='lat' dir='ltr'><strong>contingit,</strong></span> <span class='ocrx_word' id='word_1_89' title='bbox 744 1185 776 1232; x_wconf 90' lang='lat' dir='ltr'><strong>ut</strong></span> <span class='ocrx_word' id='word_1_90' title='bbox 789 1173 862 1252; x_wconf 91' lang='lat' dir='ltr'><strong>quod</strong></span> <span class='ocrx_word' id='word_1_91' title='bbox 879 1174 993 1234; x_wconf 86' lang='lat' dir='ltr'><strong>Graece</strong></span> <span class='ocrx_word' id='word_1_92' title='bbox 1006 1173 1110 1234; x_wconf 87' lang='lat' dir='ltr'><strong>dictum</strong></span> <span class='ocrx_word' id='word_1_93' title='bbox 1126 1175 1171 1234; x_wconf 89' lang='lat' dir='ltr'><strong>vel</strong></span> <span class='ocrx_word' id='word_1_94' title='bbox 1183 1175 1291 1252; x_wconf 86' lang='lat' dir='ltr'><strong>optime</strong></span> <span class='ocrx_word' id='word_1_95' title='bbox 1305 1175 1355 1232; x_wconf 85' lang='lat' dir='ltr'><strong>in-</strong></span> 
     </span>
     <span class='ocr_line' id='line_1_13' title="bbox 151 1249 1353 1337; baseline -0.002 -21"><span class='ocrx_word' id='word_1_96' title='bbox 151 1249 158 1268; x_wconf 78' lang='grc'><strong><em>’</em></strong></span> <span class='ocrx_word' id='word_1_97' title='bbox 255 1258 411 1336; x_wconf 86' lang='lat' dir='ltr'><strong>telligimus</strong></span> <span class='ocrx_word' id='word_1_98' title='bbox 421 1299 431 1328; x_wconf 96' lang='lat'><strong>,</strong></span> <span class='ocrx_word' id='word_1_99' title='bbox 457 1255 487 1316; x_wconf 92' lang='lat' dir='ltr'><strong>id</strong></span> <span class='ocrx_word' id='word_1_100' title='bbox 504 1267 597 1316; x_wconf 66' lang='lat' dir='ltr'><strong>umen</strong></span> <span class='ocrx_word' id='word_1_101' title='bbox 614 1257 718 1317; x_wconf 83' lang='lat' dir='ltr'><strong>Latine</strong></span> <span class='ocrx_word' id='word_1_102' title='bbox 735 1260 895 1337; x_wconf 78' lang='lat' dir='ltr'><strong>exprimere</strong></span> <span class='ocrx_word' id='word_1_103' title='bbox 910 1276 1098 1334; x_wconf 81' lang='lat' dir='ltr'><strong>nequeamus:</strong></span> <span class='ocrx_word' id='word_1_104' title='bbox 1123 1259 1168 1316; x_wconf 91' lang='lat' dir='ltr'><strong>eui</strong></span> <span class='ocrx_word' id='word_1_105' title='bbox 1185 1255 1353 1316; x_wconf 86' lang='lat' dir='ltr'><strong>difficultati</strong></span> 
     </span>
     <span class='ocr_line' id='line_1_14' title="bbox 255 1338 1353 1418; baseline -0.004 -17"><span class='ocrx_word' id='word_1_106' title='bbox 255 1341 304 1402; x_wconf 86' lang='lat' dir='ltr'><strong>vix</strong></span> <span class='ocrx_word' id='word_1_107' title='bbox 323 1341 381 1400; x_wconf 90' lang='lat' dir='ltr'><strong>ulla</strong></span> <span class='ocrx_word' id='word_1_108' title='bbox 402 1359 449 1400; x_wconf 86' lang='lat' dir='ltr'><strong>res</strong></span> <span class='ocrx_word' id='word_1_109' title='bbox 473 1339 573 1400; x_wconf 88' lang='lat' dir='ltr'><strong>melius</strong></span> <span class='ocrx_word' id='word_1_110' title='bbox 593 1358 677 1418; x_wconf 88' lang='lat' dir='ltr'><strong>quam</strong></span> <span class='ocrx_word' id='word_1_111' title='bbox 697 1351 828 1400; x_wconf 86' lang='lat' dir='ltr'><strong>accurate</strong></span> <span class='ocrx_word' id='word_1_112' title='bbox 845 1350 874 1399; x_wconf 91' lang='lat' dir='ltr'><strong>et</strong></span> <span class='ocrx_word' id='word_1_113' title='bbox 887 1338 1010 1416; x_wconf 88' lang='lat' dir='ltr'><strong>diligens</strong></span> <span class='ocrx_word' id='word_1_114' title='bbox 1026 1340 1109 1401; x_wconf 90' lang='lat' dir='ltr'><strong>buius</strong></span> <span class='ocrx_word' id='word_1_115' title='bbox 1126 1341 1241 1418; x_wconf 78' lang='lat' dir='ltr'><strong>generIs</strong></span> <span class='ocrx_word' id='word_1_116' title='bbox 1258 1341 1353 1398; x_wconf 88' lang='lat' dir='ltr'><strong>libre-</strong></span> 
     </span>
     <span class='ocr_line' id='line_1_15' title="bbox 257 1421 1353 1504; baseline -0.003 -19"><span class='ocrx_word' id='word_1_117' title='bbox 257 1444 318 1485; x_wconf 90' lang='lat' dir='ltr'><strong>rum</strong></span> <span class='ocrx_word' id='word_1_118' title='bbox 336 1421 595 1483; x_wconf 86' lang='lat' dir='ltr'><strong>lectio&#39;medeatur.</strong></span> <span class='ocrx_word' id='word_1_119' title='bbox 639 1424 700 1486; x_wconf 88' lang='lat' dir='ltr'><strong>lem</strong></span> <span class='ocrx_word' id='word_1_120' title='bbox 718 1443 781 1484; x_wconf 87' lang='lat' dir='ltr'><strong>cum</strong></span> <span class='ocrx_word' id='word_1_121' title='bbox 800 1423 871 1483; x_wconf 87' lang='lat' dir='ltr'><strong>baec</strong></span> <span class='ocrx_word' id='word_1_122' title='bbox 893 1424 1065 1494; x_wconf 80' lang='lat' dir='ltr'><strong>scriberem,</strong></span> <span class='ocrx_word' id='word_1_123' title='bbox 1088 1425 1173 1484; x_wconf 81' lang='lat' dir='ltr'><strong>facile</strong></span> <span class='ocrx_word' id='word_1_124' title='bbox 1187 1425 1353 1504; x_wconf 90' lang='lat' dir='ltr'><strong>perspicie-</strong></span> 
     </span>
     <span class='ocr_line' id='line_1_16' title="bbox 255 1497 1378 1590; baseline -0.002 -24"><span class='ocrx_word' id='word_1_125' title='bbox 255 1507 321 1590; x_wconf 74' lang='lat' dir='ltr'><strong>bant</strong></span> <span class='ocrx_word' id='word_1_126' title='bbox 341 1508 454 1578; x_wconf 83' lang='lat' dir='ltr'><strong>auimo,</strong></span> <span class='ocrx_word' id='word_1_127' title='bbox 475 1516 533 1566; x_wconf 89' lang='lat' dir='ltr'><strong>tem</strong></span> <span class='ocrx_word' id='word_1_128' title='bbox 551 1503 738 1567; x_wconf 76' lang='lat' dir='ltr'><strong>laudabilibus</strong></span> <span class='ocrx_word' id='word_1_129' title='bbox 760 1508 927 1567; x_wconf 79' lang='lat' dir='ltr'><strong>amicissimi</strong></span> <span class='ocrx_word' id='word_1_130' title='bbox 950 1507 1071 1567; x_wconf 88' lang='lat' dir='ltr'><strong>bominis</strong></span> <span class='ocrx_word' id='word_1_131' title='bbox 1086 1497 1197 1586; x_wconf 77' lang='lat' dir='ltr'><strong>¹vigiliis</strong></span> <span class='ocrx_word' id='word_1_132' title='bbox 1218 1505 1276 1566; x_wconf 85' lang='lat' dir='ltr'><strong>deo</strong></span> <span class='ocrx_word' id='word_1_133' title='bbox 1298 1527 1378 1585; x_wconf 42' lang='lat' dir='ltr'><strong>paq</strong></span> 
     </span>
     <span class='ocr_line' id='line_1_17' title="bbox 254 1579 1352 1673; baseline -0.001 -24"><span class='ocrx_word' id='word_1_134' title='bbox 254 1579 325 1650; x_wconf 61' lang='lat' dir='ltr'><strong>rate*</strong></span> <span class='ocrx_word' id='word_1_135' title='bbox 341 1580 451 1668; x_wconf 76' lang='lat' dir='ltr'><strong>genera</strong></span> <span class='ocrx_word' id='word_1_136' title='bbox 476 1589 713 1670; x_wconf 82' lang='lat' dir='ltr'><strong>reprehensorum</strong></span> <span class='ocrx_word' id='word_1_137' title='bbox 735 1589 861 1673; x_wconf 65' lang='lat' dir='ltr'><strong>forest)</strong></span> <span class='ocrx_word' id='word_1_138' title='bbox 883 1611 967 1652; x_wconf 88' lang='lat' dir='ltr'><strong>unum</strong></span> <span class='ocrx_word' id='word_1_139' title='bbox 991 1611 1108 1663; x_wconf 89' lang='lat' dir='ltr'><strong>eornm,</strong></span> <span class='ocrx_word' id='word_1_140' title='bbox 1130 1591 1231 1669; x_wconf 90' lang='lat' dir='ltr'><strong>quibus</strong></span> <span class='ocrx_word' id='word_1_141' title='bbox 1245 1590 1352 1648; x_wconf 82' lang='lat' dir='ltr'><strong>Philo-</strong></span> 
     </span>
     <span class='ocr_line' id='line_1_18' title="bbox 255 1669 1351 1754; baseline 0 -22"><span class='ocrx_word' id='word_1_142' title='bbox 255 1669 383 1753; x_wconf 86' lang='lat' dir='ltr'><strong>sophiam</strong></span> <span class='ocrx_word' id='word_1_143' title='bbox 399 1672 484 1752; x_wconf 91' lang='lat' dir='ltr'><strong>polite</strong></span> <span class='ocrx_word' id='word_1_144' title='bbox 499 1673 701 1754; x_wconf 79' lang='lat' dir='ltr'><strong>eleganterque</strong></span> <span class='ocrx_word' id='word_1_145' title='bbox 715 1675 831 1734; x_wconf 79' lang='lat' dir='ltr'><strong>tencteri</strong></span> <span class='ocrx_word' id='word_1_146' title='bbox 847 1693 903 1732; x_wconf 87' lang='lat' dir='ltr'><strong>non</strong></span> <span class='ocrx_word' id='word_1_147' title='bbox 917 1675 1022 1754; x_wconf 87' lang='lat' dir='ltr'><strong>placet,</strong></span> <span class='ocrx_word' id='word_1_148' title='bbox 1046 1674 1148 1753; x_wconf 91' lang='lat' dir='ltr'><strong>quique</strong></span> <span class='ocrx_word' id='word_1_149' title='bbox 1162 1675 1216 1734; x_wconf 88' lang='lat' dir='ltr'><strong>bac</strong></span> <span class='ocrx_word' id='word_1_150' title='bbox 1231 1693 1351 1733; x_wconf 87' lang='lat' dir='ltr'><strong>comen-</strong></span> 
     </span>
     <span class='ocr_line' id='line_1_19' title="bbox 254 1739 1349 1836; baseline 0 -22"><span class='ocrx_word' id='word_1_151' title='bbox 254 1754 310 1814; x_wconf 88' lang='lat' dir='ltr'><strong>dae</strong></span> <span class='ocrx_word' id='word_1_152' title='bbox 325 1755 462 1814; x_wconf 89' lang='lat' dir='ltr'><strong>orationis</strong></span> <span class='ocrx_word' id='word_1_153' title='bbox 483 1775 553 1815; x_wconf 87' lang='lat' dir='ltr'><strong>cure</strong></span> <span class='ocrx_word' id='word_1_154' title='bbox 569 1754 680 1816; x_wconf 85' lang='lat' dir='ltr'><strong>detrahi</strong></span> <span class='ocrx_word' id='word_1_155' title='bbox 699 1756 804 1834; x_wconf 88' lang='lat' dir='ltr'><strong>aliquid</strong></span> <span class='ocrx_word' id='word_1_156' title='bbox 820 1755 856 1816; x_wconf 91' lang='lat' dir='ltr'><strong>de</strong></span> <span class='ocrx_word' id='word_1_157' title='bbox 869 1757 946 1816; x_wconf 89' lang='lat' dir='ltr'><strong>illios</strong></span> <span class='ocrx_word' id='word_1_158' title='bbox 965 1757 1103 1836; x_wconf 88' lang='lat' dir='ltr'><strong>dignitate</strong></span> <span class='ocrx_word' id='word_1_159' title='bbox 1117 1739 1281 1836; x_wconf 85' lang='lat' dir='ltr'><strong>bpinentur.</strong></span> <span class='ocrx_word' id='word_1_160' title='bbox 1312 1756 1349 1816; x_wconf 92' lang='lat' dir='ltr'><strong>ln</strong></span> 
     </span>
     <span class='ocr_line' id='line_1_20' title="bbox 255 1833 1348 1921; baseline 0.001 -24"><span class='ocrx_word' id='word_1_161' title='bbox 255 1839 356 1918; x_wconf 89' lang='lat' dir='ltr'><strong>quibus</strong></span> <span class='ocrx_word' id='word_1_162' title='bbox 370 1835 439 1897; x_wconf 85' lang='lat' dir='ltr'><strong>illud</strong></span> <span class='ocrx_word' id='word_1_163' title='bbox 452 1839 573 1917; x_wconf 88' lang='lat' dir='ltr'><strong>primum</strong></span> <span class='ocrx_word' id='word_1_164' title='bbox 587 1851 633 1899; x_wconf 91' lang='lat' dir='ltr'><strong>est</strong></span> <span class='ocrx_word' id='word_1_165' title='bbox 651 1837 725 1918; x_wconf 86' lang='lat' dir='ltr'><strong>quod</strong></span> <span class='ocrx_word' id='word_1_166' title='bbox 742 1838 883 1912; x_wconf 81' lang='lat' dir='ltr'><strong>admirer3</strong></span> <span class='ocrx_word' id='word_1_167' title='bbox 905 1841 932 1900; x_wconf 87' lang='lat' dir='ltr'><strong>si</strong></span> <span class='ocrx_word' id='word_1_168' title='bbox 945 1838 981 1900; x_wconf 89' lang='lat' dir='ltr'><strong>ed</strong></span> <span class='ocrx_word' id='word_1_169' title='bbox 997 1833 1095 1900; x_wconf 85' lang='lat' dir='ltr'><strong>rerum&#39;</strong></span> <span class='ocrx_word' id='word_1_170' title='bbox 1106 1838 1348 1921; x_wconf 87' lang='lat' dir='ltr'><strong>pulchritudinem</strong></span> 
     </span>
     <span class='ocr_line' id='line_1_21' title="bbox 220 1921 1348 2001; baseline 0 -19"><span class='ocrx_word' id='word_1_171' title='bbox 220 1939 225 1950; x_wconf 86' lang='grc'><em>“</em></span> <span class='ocrx_word' id='word_1_172' title='bbox 253 1921 405 1984; x_wconf 80' lang='lat' dir='ltr'><strong>verborum</strong></span> <span class='ocrx_word' id='word_1_173' title='bbox 429 1940 539 2001; x_wconf 89' lang='lat' dir='ltr'><strong>quoque</strong></span> <span class='ocrx_word' id='word_1_174' title='bbox 561 1922 696 2001; x_wconf 85' lang='lat' dir='ltr'><strong>splendor</strong></span> <span class='ocrx_word' id='word_1_175' title='bbox 712 1921 846 1996; x_wconf 81' lang='lat' dir='ltr'><strong>accedat,</strong></span> <span class='ocrx_word' id='word_1_176' title='bbox 870 1924 916 1984; x_wconf 90' lang='lat' dir='ltr'><strong>cui</strong></span> <span class='ocrx_word' id='word_1_177' title='bbox 936 1923 1048 1986; x_wconf 86' lang='lat' dir='ltr'><strong>tandem</strong></span> <span class='ocrx_word' id='word_1_178' title='bbox 1063 1923 1093 1982; x_wconf 91' lang='lat' dir='ltr'><strong>id</strong></span> <span class='ocrx_word' id='word_1_179' title='bbox 1107 1921 1285 1983; x_wconf 86' lang='lat' dir='ltr'><strong>incommodo</strong></span> <span class='ocrx_word' id='word_1_180' title='bbox 1299 1941 1348 1982; x_wconf 89' lang='lat' dir='ltr'><strong>ar-</strong></span> 
     </span>
     <span class='ocr_line' id='line_1_22' title="bbox 254 2003 1346 2086; baseline 0.002 -22"><span class='ocrx_word' id='word_1_181' title='bbox 254 2005 395 2065; x_wconf 88' lang='lat' dir='ltr'><strong>bitrentur</strong></span> <span class='ocrx_word' id='word_1_182' title='bbox 407 2005 492 2065; x_wconf 77' lang='lat' dir='ltr'><strong>forc‘l</strong></span> <span class='ocrx_word' id='word_1_183' title='bbox 512 2017 560 2065; x_wconf 86' lang='lat' dir='ltr'><strong>eut</strong></span> <span class='ocrx_word' id='word_1_184' title='bbox 574 2007 603 2064; x_wconf 88' lang='lat' dir='ltr'><strong>ie</strong></span> <span class='ocrx_word' id='word_1_185' title='bbox 616 2006 748 2067; x_wconf 89' lang='lat' dir='ltr'><strong>sordibus</strong></span> <span class='ocrx_word' id='word_1_186' title='bbox 762 2017 792 2068; x_wconf 86' lang='lat' dir='ltr'><strong>et</strong></span> <span class='ocrx_word' id='word_1_187' title='bbox 802 2007 899 2072; x_wconf 89' lang='lat' dir='ltr'><strong>illuvie</strong></span> <span class='ocrx_word' id='word_1_188' title='bbox 913 2003 1052 2086; x_wconf 73' lang='lat' dir='ltr'><strong>cretionis</strong></span> <span class='ocrx_word' id='word_1_189' title='bbox 1065 2027 1147 2086; x_wconf 91' lang='lat' dir='ltr'><strong>quem</strong></span> <span class='ocrx_word' id='word_1_190' title='bbox 1161 2006 1276 2066; x_wconf 88' lang='lat' dir='ltr'><strong>tandem</strong></span> <span class='ocrx_word' id='word_1_191' title='bbox 1290 2006 1346 2085; x_wconf 90' lang='lat' dir='ltr'><strong>ipsi</strong></span> 
     </span>
     <span class='ocr_line' id='line_1_23' title="bbox 254 2086 1347 2170; baseline 0 -22"><span class='ocrx_word' id='word_1_192' title='bbox 254 2089 400 2166; x_wconf 88' lang='lat' dir='ltr'><strong>reperient</strong></span> <span class='ocrx_word' id='word_1_193' title='bbox 422 2086 613 2166; x_wconf 71' lang='lat' dir='ltr'><strong>dignitatem?</strong></span> <span class='ocrx_word' id='word_1_194' title='bbox 647 2091 722 2150; x_wconf 88' lang='lat' dir='ltr'><strong>Nem</strong></span> <span class='ocrx_word' id='word_1_195' title='bbox 737 2089 911 2150; x_wconf 81' lang='lat' dir='ltr'><strong>Aristoteles</strong></span> <span class='ocrx_word' id='word_1_196' title='bbox 925 2091 1054 2170; x_wconf 83' lang='lat' dir='ltr'><strong>profecto</strong></span> <span class='ocrx_word' id='word_1_197' title='bbox 1070 2092 1132 2170; x_wconf 90' lang='lat' dir='ltr'><strong>ipse</strong></span> <span class='ocrx_word' id='word_1_198' title='bbox 1146 2102 1176 2150; x_wconf 92' lang='lat' dir='ltr'><strong>et</strong></span> <span class='ocrx_word' id='word_1_199' title='bbox 1192 2091 1270 2150; x_wconf 91' lang='lat' dir='ltr'><strong>illius</strong></span> <span class='ocrx_word' id='word_1_200' title='bbox 1288 2110 1347 2152; x_wconf 86' lang='lat' dir='ltr'><strong>me-</strong></span> 
     </span>
     <span class='ocr_line' id='line_1_24' title="bbox 255 2171 1346 2254; baseline 0.002 -25"><span class='ocrx_word' id='word_1_201' title='bbox 255 2173 348 2250; x_wconf 87' lang='lat' dir='ltr'><strong>gister</strong></span> <span class='ocrx_word' id='word_1_202' title='bbox 366 2171 468 2244; x_wconf 81' lang='lat' dir='ltr'><strong>Plato,</strong></span> <span class='ocrx_word' id='word_1_203' title='bbox 491 2183 520 2232; x_wconf 91' lang='lat' dir='ltr'><strong>et</strong></span> <span class='ocrx_word' id='word_1_204' title='bbox 540 2173 589 2251; x_wconf 90' lang='lat' dir='ltr'><strong>qui</strong></span> <span class='ocrx_word' id='word_1_205' title='bbox 611 2174 639 2233; x_wconf 92' lang='lat' dir='ltr'><strong>ei</strong></span> <span class='ocrx_word' id='word_1_206' title='bbox 661 2175 802 2234; x_wconf 86' lang='lat' dir='ltr'><strong>successit</strong></span> <span class='ocrx_word' id='word_1_207' title='bbox 816 2175 846 2232; x_wconf 90' lang='lat' dir='ltr'><strong>in</strong></span> <span class='ocrx_word' id='word_1_208' title='bbox 862 2174 960 2233; x_wconf 85' lang='lat' dir='ltr'><strong>sobole</strong></span> <span class='ocrx_word' id='word_1_209' title='bbox 978 2174 1193 2254; x_wconf 80' lang='lat' dir='ltr'><strong>Tbeepbrastus</strong></span> <span class='ocrx_word' id='word_1_210' title='bbox 1210 2185 1241 2233; x_wconf 87' lang='lat' dir='ltr'><strong>et</strong></span> <span class='ocrx_word' id='word_1_211' title='bbox 1254 2174 1346 2233; x_wconf 85' lang='lat' dir='ltr'><strong>ceteri</strong></span> 
     </span>
     <span class='ocr_line' id='line_1_25' title="bbox 197 2253 1346 2338; baseline 0.003 -25"><span class='ocrx_word' id='word_1_212' title='bbox 197 2277 200 2283; x_wconf 90' lang='lat'>·</span> <span class='ocrx_word' id='word_1_213' title='bbox 255 2253 409 2334; x_wconf 84' lang='lat' dir='ltr'><strong>deinceps,</strong></span> <span class='ocrx_word' id='word_1_214' title='bbox 432 2274 494 2315; x_wconf 90' lang='lat' dir='ltr'><strong>cum</strong></span> <span class='ocrx_word' id='word_1_215' title='bbox 509 2255 658 2334; x_wconf 88' lang='lat' dir='ltr'><strong>plurimum</strong></span> <span class='ocrx_word' id='word_1_216' title='bbox 673 2277 777 2336; x_wconf 89' lang='lat' dir='ltr'><strong>operae</strong></span> <span class='ocrx_word' id='word_1_217' title='bbox 794 2275 826 2315; x_wconf 85' lang='lat' dir='ltr'><strong>ac</strong></span> <span class='ocrx_word' id='word_1_218' title='bbox 842 2256 929 2316; x_wconf 89' lang='lat' dir='ltr'><strong>studii</strong></span> <span class='ocrx_word' id='word_1_219' title='bbox 947 2259 975 2316; x_wconf 91' lang='lat' dir='ltr'><strong>in</strong></span> <span class='ocrx_word' id='word_1_220' title='bbox 993 2277 1089 2318; x_wconf 89' lang='lat' dir='ltr'><strong>rerum</strong></span> <span class='ocrx_word' id='word_1_221' title='bbox 1103 2255 1346 2338; x_wconf 78' lang='lat' dir='ltr'><strong>pervestigatione</strong></span> 
     </span>
     <span class='ocr_line' id='line_1_26' title="bbox 201 2337 1346 2424; baseline 0.001 -27"><span class='ocrx_word' id='word_1_222' title='bbox 201 2409 210 2424; x_wconf 78' lang='lat'>.</span> <span class='ocrx_word' id='word_1_223' title='bbox 253 2339 434 2418; x_wconf 86' lang='lat' dir='ltr'><strong>posuisseot;</strong></span> <span class='ocrx_word' id='word_1_224' title='bbox 456 2337 527 2398; x_wconf 90' lang='lat' dir='ltr'><strong>illud</strong></span> <span class='ocrx_word' id='word_1_225' title='bbox 541 2359 652 2419; x_wconf 91' lang='lat' dir='ltr'><strong>quoque</strong></span> <span class='ocrx_word' id='word_1_226' title='bbox 671 2339 855 2412; x_wconf 86' lang='lat' dir='ltr'><strong>studuerunt,</strong></span> <span class='ocrx_word' id='word_1_227' title='bbox 879 2351 910 2399; x_wconf 87' lang='lat' dir='ltr'><strong>ut</strong></span> <span class='ocrx_word' id='word_1_228' title='bbox 926 2359 998 2420; x_wconf 88' lang='lat' dir='ltr'><strong>quae</strong></span> <span class='ocrx_word' id='word_1_229' title='bbox 1017 2343 1138 2400; x_wconf 83' lang='lat' dir='ltr'><strong>scientie</strong></span> <span class='ocrx_word' id='word_1_230' title='bbox 1160 2340 1346 2419; x_wconf 82' lang='lat' dir='ltr'><strong>eomprehen-</strong></span> 
     </span>
     <span class='ocr_line' id='line_1_27' title="bbox 255 2420 1344 2504; baseline 0.002 -24"><span class='ocrx_word' id='word_1_231' title='bbox 255 2420 378 2493; x_wconf 77' lang='lat' dir='ltr'><strong>dissent,</strong></span> <span class='ocrx_word' id='word_1_232' title='bbox 397 2441 432 2480; x_wconf 90' lang='lat' dir='ltr'><strong>ee</strong></span> <span class='ocrx_word' id='word_1_233' title='bbox 447 2423 553 2502; x_wconf 90' lang='lat' dir='ltr'><strong>optimo</strong></span> <span class='ocrx_word' id='word_1_234' title='bbox 565 2433 595 2482; x_wconf 92' lang='lat' dir='ltr'><strong>et</strong></span> <span class='ocrx_word' id='word_1_235' title='bbox 607 2424 791 2483; x_wconf 85' lang='lat' dir='ltr'><strong>ornatissimo</strong></span> <span class='ocrx_word' id='word_1_236' title='bbox 805 2421 917 2484; x_wconf 88' lang='lat' dir='ltr'><strong>dicendi</strong></span> <span class='ocrx_word' id='word_1_237' title='bbox 932 2443 1041 2502; x_wconf 89' lang='lat' dir='ltr'><strong>genere</strong></span> <span class='ocrx_word' id='word_1_238' title='bbox 1054 2426 1238 2504; x_wconf 81' lang='lat' dir='ltr'><strong>explicarent.</strong></span> <span class='ocrx_word' id='word_1_239' title='bbox 1266 2424 1344 2498; x_wconf 81' lang='lat' dir='ltr'><strong>Quin</strong></span> 
     </span>
     <span class='ocr_line' id='line_1_28' title="bbox 254 2503 1402 2589; baseline 0.002 -25"><span class='ocrx_word' id='word_1_240' title='bbox 254 2503 308 2564; x_wconf 84' lang='lat' dir='ltr'><strong>boc</strong></span> <span class='ocrx_word' id='word_1_241' title='bbox 321 2504 428 2583; x_wconf 89' lang='lat' dir='ltr'><strong>liquido</strong></span> <span class='ocrx_word' id='word_1_242' title='bbox 441 2505 581 2566; x_wconf 86' lang='lat' dir='ltr'><strong>affirmare</strong></span> <span class='ocrx_word' id='word_1_243' title='bbox 594 2527 680 2587; x_wconf 89' lang='lat' dir='ltr'><strong>posse</strong></span> <span class='ocrx_word' id='word_1_244' title='bbox 695 2505 806 2580; x_wconf 86' lang='lat' dir='ltr'><strong>videor,</strong></span> <span class='ocrx_word' id='word_1_245' title='bbox 829 2509 915 2589; x_wconf 84' lang='lat' dir='ltr'><strong>multo</strong></span> <span class='ocrx_word' id='word_1_246' title='bbox 933 2527 983 2566; x_wconf 89' lang='lat' dir='ltr'><strong>eos</strong></span> <span class='ocrx_word' id='word_1_247' title='bbox 1002 2510 1091 2586; x_wconf 87' lang='lat' dir='ltr'><strong>magis</strong></span> <span class='ocrx_word' id='word_1_248' title='bbox 1104 2509 1232 2568; x_wconf 90' lang='lat' dir='ltr'><strong>solicitos</strong></span> <span class='ocrx_word' id='word_1_249' title='bbox 1246 2505 1282 2566; x_wconf 90' lang='lat' dir='ltr'><strong>de</strong></span> <span class='ocrx_word' id='word_1_250' title='bbox 1299 2527 1344 2566; x_wconf 91' lang='lat' dir='ltr'><strong>re-</strong></span> <span class='ocrx_word' id='word_1_251' title='bbox 1398 2552 1402 2556; x_wconf 83' lang='lat'><em>-</em></span> 
     </span>
     <span class='ocr_line' id='line_1_29' title="bbox 254 2586 1340 2670; baseline 0.002 -25"><span class='ocrx_word' id='word_1_252' title='bbox 254 2586 368 2646; x_wconf 83' lang='lat' dir='ltr'><strong>timenda</strong></span> <span class='ocrx_word' id='word_1_253' title='bbox 386 2589 585 2650; x_wconf 84' lang='lat' dir='ltr'><strong>vocabulorum</strong></span> <span class='ocrx_word' id='word_1_254' title='bbox 605 2591 780 2670; x_wconf 87' lang='lat' dir='ltr'><strong>proprietate</strong></span> <span class='ocrx_word' id='word_1_255' title='bbox 800 2609 881 2669; x_wconf 92' lang='lat' dir='ltr'><strong>quam</strong></span> <span class='ocrx_word' id='word_1_256' title='bbox 896 2591 968 2650; x_wconf 94' lang='lat' dir='ltr'><strong>ullos</strong></span> <span class='ocrx_word' id='word_1_257' title='bbox 982 2592 1054 2650; x_wconf 90' lang='lat' dir='ltr'><strong>elios</strong></span> <span class='ocrx_word' id='word_1_258' title='bbox 1069 2593 1224 2670; x_wconf 86' lang='lat' dir='ltr'><strong>scriptores</strong></span> <span class='ocrx_word' id='word_1_259' title='bbox 1235 2591 1340 2650; x_wconf 84' lang='lat' dir='ltr'><strong>fuisse.</strong></span> 
     </span>
     <span class='ocr_line' id='line_1_30' title="bbox 254 2669 1339 2752; baseline 0.001 -21"><span class='ocrx_word' id='word_1_260' title='bbox 254 2669 289 2731; x_wconf 90' lang='lat' dir='ltr'><strong>ld</strong></span> <span class='ocrx_word' id='word_1_261' title='bbox 309 2672 382 2730; x_wconf 91' lang='lat' dir='ltr'><strong>siin</strong></span> <span class='ocrx_word' id='word_1_262' title='bbox 402 2671 515 2732; x_wconf 84' lang='lat' dir='ltr'><strong>Graeca</strong></span> <span class='ocrx_word' id='word_1_263' title='bbox 536 2673 635 2752; x_wconf 86' lang='lat' dir='ltr'><strong>lingue</strong></span> <span class='ocrx_word' id='word_1_264' title='bbox 657 2675 761 2734; x_wconf 83' lang='lat' dir='ltr'><strong>laetum</strong></span> <span class='ocrx_word' id='word_1_265' title='bbox 784 2685 846 2746; x_wconf 87' lang='lat' dir='ltr'><strong>est,</strong></span> <span class='ocrx_word' id='word_1_266' title='bbox 871 2694 923 2738; x_wconf 84' lang='lat' dir='ltr'><strong>cur</strong></span> <span class='ocrx_word' id='word_1_267' title='bbox 937 2675 965 2732; x_wconf 90' lang='lat' dir='ltr'><strong>in</strong></span> <span class='ocrx_word' id='word_1_268' title='bbox 984 2675 1089 2734; x_wconf 87' lang='lat' dir='ltr'><strong>Latine</strong></span> <span class='ocrx_word' id='word_1_269' title='bbox 1104 2675 1184 2746; x_wconf 85' lang='lat' dir='ltr'><strong>lieri,</strong></span> <span class='ocrx_word' id='word_1_270' title='bbox 1207 2685 1339 2752; x_wconf 84' lang='lat' dir='ltr'><strong>quantun</strong></span> 
     </span>
     <span class='ocr_line' id='line_1_31' title="bbox 194 2750 1341 2836; baseline 0.004 -26"><span class='ocrx_word' id='word_1_271' title='bbox 194 2797 203 2810; x_wconf 90' lang='lat'><strong>.</strong></span> <span class='ocrx_word' id='word_1_272' title='bbox 254 2750 366 2833; x_wconf 83' lang='lat' dir='ltr'><strong>quidem</strong></span> <span class='ocrx_word' id='word_1_273' title='bbox 381 2756 472 2836; x_wconf 88' lang='lat' dir='ltr'><strong>ipsius</strong></span> <span class='ocrx_word' id='word_1_274' title='bbox 489 2755 585 2836; x_wconf 86' lang='lat' dir='ltr'><strong>inopie</strong></span> <span class='ocrx_word' id='word_1_275' title='bbox 605 2757 678 2830; x_wconf 83' lang='lat' dir='ltr'><strong>lert,</strong></span> <span class='ocrx_word' id='word_1_276' title='bbox 701 2777 756 2816; x_wconf 88' lang='lat' dir='ltr'><strong>uon</strong></span> <span class='ocrx_word' id='word_1_277' title='bbox 769 2755 888 2829; x_wconf 90' lang='lat' dir='ltr'><strong>debeat,</strong></span> <span class='ocrx_word' id='word_1_278' title='bbox 911 2757 1040 2836; x_wconf 86' lang='lat' dir='ltr'><strong>equidem</strong></span> <span class='ocrx_word' id='word_1_279' title='bbox 1058 2779 1113 2830; x_wconf 83' lang='lat' dir='ltr'><strong>non</strong></span> <span class='ocrx_word' id='word_1_280' title='bbox 1129 2757 1243 2834; x_wconf 49' lang='lat' dir='ltr'><strong>videos</strong></span> <span class='ocrx_word' id='word_1_281' title='bbox 1268 2757 1341 2816; x_wconf 87' lang='lat' dir='ltr'><strong>Nem</strong></span> 
     </span>
     <span class='ocr_line' id='line_1_32' title="bbox 255 2836 1340 2922; baseline 0.004 -26"><span class='ocrx_word' id='word_1_282' title='bbox 255 2836 324 2897; x_wconf 90' lang='lat' dir='ltr'><strong>illud</strong></span> <span class='ocrx_word' id='word_1_283' title='bbox 341 2837 453 2916; x_wconf 86' lang='lat' dir='ltr'><strong>quidem</strong></span> <span class='ocrx_word' id='word_1_284' title='bbox 473 2838 545 2910; x_wconf 76' lang='lat' dir='ltr'><strong>nibil</strong></span> <span class='ocrx_word' id='word_1_285' title='bbox 565 2839 602 2900; x_wconf 87' lang='lat' dir='ltr'><strong>ed</strong></span> <span class='ocrx_word' id='word_1_286' title='bbox 622 2841 694 2900; x_wconf 87' lang='lat' dir='ltr'><strong>benc</strong></span> <span class='ocrx_word' id='word_1_287' title='bbox 716 2861 777 2900; x_wconf 89' lang='lat' dir='ltr'><strong>rem</strong></span> <span class='ocrx_word' id='word_1_288' title='bbox 795 2843 937 2921; x_wconf 88' lang='lat' dir='ltr'><strong>pertinet,</strong></span> <span class='ocrx_word' id='word_1_289' title='bbox 960 2840 1033 2918; x_wconf 92' lang='lat' dir='ltr'><strong>quod</strong></span> <span class='ocrx_word' id='word_1_290' title='bbox 1050 2843 1105 2922; x_wconf 91' lang='lat' dir='ltr'><strong>ipsi</strong></span> <span class='ocrx_word' id='word_1_291' title='bbox 1120 2841 1188 2900; x_wconf 88' lang='lat' dir='ltr'><strong>mibi</strong></span> <span class='ocrx_word' id='word_1_292' title='bbox 1205 2860 1340 2920; x_wconf 77' lang='lat' dir='ltr'><strong>saepenu-</strong></span> 
     </span>
     <span class='ocr_line' id='line_1_33' title="bbox 194 2920 1341 3004; baseline 0.004 -25"><span class='ocrx_word' id='word_1_293' title='bbox 194 2937 243 2986; x_wconf 82' lang='lat' dir='ltr'><strong>sos</strong></span> <span class='ocrx_word' id='word_1_294' title='bbox 259 2940 337 2980; x_wconf 90' lang='lat' dir='ltr'><strong>mero</strong></span> <span class='ocrx_word' id='word_1_295' title='bbox 356 2920 497 2982; x_wconf 87' lang='lat' dir='ltr'><strong>obiectum</strong></span> <span class='ocrx_word' id='word_1_296' title='bbox 514 2934 578 2996; x_wconf 88' lang='lat' dir='ltr'><strong>est,</strong></span> <span class='ocrx_word' id='word_1_297' title='bbox 600 2944 663 2984; x_wconf 87' lang='lat' dir='ltr'><strong>cum</strong></span> <span class='ocrx_word' id='word_1_298' title='bbox 684 2923 821 2984; x_wconf 85' lang='lat' dir='ltr'><strong>adversus</strong></span> <span class='ocrx_word' id='word_1_299' title='bbox 837 2925 910 2984; x_wconf 89' lang='lat' dir='ltr'><strong>istos</strong></span> <span class='ocrx_word' id='word_1_300' title='bbox 928 2921 1119 3004; x_wconf 81' lang='lat' dir='ltr'><strong>disputarem:</strong></span> <span class='ocrx_word' id='word_1_301' title='bbox 1144 2925 1246 2984; x_wconf 89' lang='lat' dir='ltr'><strong>multos</strong></span> <span class='ocrx_word' id='word_1_302' title='bbox 1261 2933 1341 3003; x_wconf 89' lang='lat' dir='ltr'><strong>sdpe-</strong></span> 
     </span>
     <span class='ocr_line' id='line_1_34' title="bbox 211 3004 1340 3087; baseline 0.002 -23"><span class='ocrx_word' id='word_1_303' title='bbox 211 3013 215 3020; x_wconf 88' lang='grc'><strong>“</strong></span> <span class='ocrx_word' id='word_1_304' title='bbox 255 3004 333 3066; x_wconf 88' lang='lat' dir='ltr'><strong>riore</strong></span> <span class='ocrx_word' id='word_1_305' title='bbox 348 3014 441 3065; x_wconf 86' lang='lat' dir='ltr'><strong>aetate</strong></span> <span class='ocrx_word' id='word_1_306' title='bbox 458 3007 592 3086; x_wconf 78' lang='lat' dir='ltr'><strong>egregios</strong></span> <span class='ocrx_word' id='word_1_307' title='bbox 608 3027 642 3068; x_wconf 86' lang='lat' dir='ltr'><strong>ee</strong></span> <span class='ocrx_word' id='word_1_308' title='bbox 657 3015 833 3087; x_wconf 84' lang='lat' dir='ltr'><strong>preestebtes</strong></span> <span class='ocrx_word' id='word_1_309' title='bbox 845 3007 1035 3087; x_wconf 87' lang='lat' dir='ltr'><strong>Philosopbos</strong></span> <span class='ocrx_word' id='word_1_310' title='bbox 1049 3010 1111 3067; x_wconf 89' lang='lat' dir='ltr'><strong>sine</strong></span> <span class='ocrx_word' id='word_1_311' title='bbox 1123 3009 1190 3067; x_wconf 88' lang='lat' dir='ltr'><strong>ullis</strong></span> <span class='ocrx_word' id='word_1_312' title='bbox 1205 3009 1340 3068; x_wconf 86' lang='lat' dir='ltr'><strong>orationis</strong></span> 
     </span>
     <span class='ocr_line' id='line_1_35' title="bbox 147 3087 1345 3167; baseline 0.005 -23"><span class='ocrx_word' id='word_1_313' title='bbox 147 3123 150 3130; x_wconf 79' lang='lat'><em>,</em></span> <span class='ocrx_word' id='word_1_314' title='bbox 253 3087 406 3167; x_wconf 85' lang='lat' dir='ltr'><strong>pigmentis</strong></span> <span class='ocrx_word' id='word_1_315' title='bbox 419 3090 521 3160; x_wconf 78' lang='lat' dir='ltr'><strong>fuisse,</strong></span> <span class='ocrx_word' id='word_1_316' title='bbox 544 3091 646 3150; x_wconf 83' lang='lat' dir='ltr'><strong>multos</strong></span> <span class='ocrx_word' id='word_1_317' title='bbox 664 3094 748 3150; x_wconf 91' lang='lat' dir='ltr'><strong>etiam</strong></span> <span class='ocrx_word' id='word_1_318' title='bbox 768 3089 853 3154; x_wconf 87' lang='lat' dir='ltr'><strong>bodie</strong></span> <span class='ocrx_word' id='word_1_319' title='bbox 868 3091 981 3162; x_wconf 79' lang='lat' dir='ltr'><strong>uivere3</strong></span> <span class='ocrx_word' id='word_1_320' title='bbox 1004 3092 1105 3150; x_wconf 83' lang='lat' dir='ltr'><strong>multos</strong></span> <span class='ocrx_word' id='word_1_321' title='bbox 1123 3103 1222 3150; x_wconf 88' lang='lat' dir='ltr'><strong>eontra</strong></span> <span class='ocrx_word' id='word_1_322' title='bbox 1237 3092 1345 3150; x_wconf 83' lang='lat' dir='ltr'><strong>nostris.</strong></span> 
     </span>
     <span class='ocr_line' id='line_1_36' title="bbox 254 3171 1338 3253; baseline 0.004 -25"><span class='ocrx_word' id='word_1_323' title='bbox 254 3171 429 3248; x_wconf 87' lang='lat' dir='ltr'><strong>temporibus</strong></span> <span class='ocrx_word' id='word_1_324' title='bbox 442 3183 555 3232; x_wconf 79' lang='lat' dir='ltr'><strong>exortes</strong></span> <span class='ocrx_word' id='word_1_325' title='bbox 571 3192 650 3244; x_wconf 91' lang='lat' dir='ltr'><strong>esse,</strong></span> <span class='ocrx_word' id='word_1_326' title='bbox 670 3175 717 3253; x_wconf 89' lang='lat' dir='ltr'><strong>qui</strong></span> <span class='ocrx_word' id='word_1_327' title='bbox 729 3173 943 3252; x_wconf 88' lang='lat' dir='ltr'><strong>Pbilosopbinm</strong></span> <span class='ocrx_word' id='word_1_328' title='bbox 959 3193 990 3234; x_wconf 92' lang='lat' dir='ltr'><strong>se</strong></span> <span class='ocrx_word' id='word_1_329' title='bbox 1006 3185 1192 3234; x_wconf 85' lang='lat' dir='ltr'><strong>exorneturos</strong></span> <span class='ocrx_word' id='word_1_330' title='bbox 1206 3175 1338 3253; x_wconf 78' lang='lat' dir='ltr'><strong>professi,</strong></span> 
     </span>
     <span class='ocr_line' id='line_1_37' title="bbox 255 3257 1337 3337; baseline 0.007 -27"><span class='ocrx_word' id='word_1_331' title='bbox 255 3271 391 3312; x_wconf 87' lang='lat' dir='ltr'><strong>summam</strong></span> <span class='ocrx_word' id='word_1_332' title='bbox 422 3273 501 3312; x_wconf 87' lang='lat' dir='ltr'><strong>suem</strong></span> <span class='ocrx_word' id='word_1_333' title='bbox 530 3275 625 3316; x_wconf 89' lang='lat' dir='ltr'><strong>rerum</strong></span> <span class='ocrx_word' id='word_1_334' title='bbox 650 3258 907 3337; x_wconf 80' lang='lat' dir='ltr'><strong>philosophicarum</strong></span> <span class='ocrx_word' id='word_1_335' title='bbox 938 3259 1116 3317; x_wconf 84' lang='lat' dir='ltr'><strong>inscientiam</strong></span> <span class='ocrx_word' id='word_1_336' title='bbox 1146 3257 1337 3336; x_wconf 72' lang='lat' dir='ltr'><strong>prodiderunt.</strong></span> 
     </span>
     <span class='ocr_line' id='line_1_38' title="bbox 253 3335 1341 3414; baseline 0.003 -19"><span class='ocrx_word' id='word_1_337' title='bbox 253 3335 413 3414; x_wconf 81' lang='lat' dir='ltr'><strong>Equidem,</strong></span> <span class='ocrx_word' id='word_1_338' title='bbox 439 3337 464 3396; x_wconf 87' lang='lat' dir='ltr'><strong>si</strong></span> <span class='ocrx_word' id='word_1_339' title='bbox 487 3338 653 3400; x_wconf 88' lang='lat' dir='ltr'><strong>alterutrum</strong></span> <span class='ocrx_word' id='word_1_340' title='bbox 670 3339 856 3401; x_wconf 90' lang='lat' dir='ltr'><strong>deserendum</strong></span> <span class='ocrx_word' id='word_1_341' title='bbox 879 3342 929 3411; x_wconf 88' lang='lat' dir='ltr'><strong>sit,</strong></span> <span class='ocrx_word' id='word_1_342' title='bbox 952 3343 1038 3400; x_wconf 85' lang='lat' dir='ltr'><strong>multo</strong></span> <span class='ocrx_word' id='word_1_343' title='bbox 1053 3343 1145 3400; x_wconf 88' lang='lat' dir='ltr'><strong>malim</strong></span> <span class='ocrx_word' id='word_1_344' title='bbox 1162 3343 1225 3400; x_wconf 90' lang='lat' dir='ltr'><strong>sine</strong></span> <span class='ocrx_word' id='word_1_345' title='bbox 1239 3341 1341 3400; x_wconf 89' lang='lat' dir='ltr'><strong>oratio-</strong></span> 
     </span>
     <span class='ocr_line' id='line_1_39' title="bbox 254 3419 1340 3503; baseline 0.006 -28"><span class='ocrx_word' id='word_1_346' title='bbox 254 3419 300 3476; x_wconf 93' lang='lat' dir='ltr'><strong>nis</strong></span> <span class='ocrx_word' id='word_1_347' title='bbox 322 3419 415 3478; x_wconf 87' lang='lat' dir='ltr'><strong>nitore</strong></span> <span class='ocrx_word' id='word_1_348' title='bbox 428 3423 619 3498; x_wconf 90' lang='lat' dir='ltr'><strong>cognitionem</strong></span> <span class='ocrx_word' id='word_1_349' title='bbox 636 3443 730 3486; x_wconf 89' lang='lat' dir='ltr'><strong>rerum</strong></span> <span class='ocrx_word' id='word_1_350' title='bbox 747 3443 828 3502; x_wconf 90' lang='lat' dir='ltr'><strong>quem</strong></span> <span class='ocrx_word' id='word_1_351' title='bbox 845 3424 908 3484; x_wconf 88' lang='lat' dir='ltr'><strong>sine</strong></span> <span class='ocrx_word' id='word_1_352' title='bbox 923 3445 1018 3485; x_wconf 87' lang='lat' dir='ltr'><strong>rerum</strong></span> <span class='ocrx_word' id='word_1_353' title='bbox 1034 3425 1224 3503; x_wconf 83' lang='lat' dir='ltr'><strong>intelligentie</strong></span> <span class='ocrx_word' id='word_1_354' title='bbox 1235 3425 1340 3484; x_wconf 88' lang='lat' dir='ltr'><strong>volubi-</strong></span> 
     </span>
     <span class='ocr_line' id='line_1_40' title="bbox 212 3501 1343 3586; baseline 0.006 -27"><span class='ocrx_word' id='word_1_355' title='bbox 212 3533 214 3541; x_wconf 46' lang='grc' dir='ltr'><strong><em>ι</em></strong></span> <span class='ocrx_word' id='word_1_356' title='bbox 255 3501 363 3560; x_wconf 87' lang='lat' dir='ltr'><strong>litatem</strong></span> <span class='ocrx_word' id='word_1_357' title='bbox 388 3504 522 3580; x_wconf 83' lang='lat' dir='ltr'><strong>linguee3</strong></span> <span class='ocrx_word' id='word_1_358' title='bbox 543 3525 634 3585; x_wconf 90' lang='lat' dir='ltr'><strong>neque</strong></span> <span class='ocrx_word' id='word_1_359' title='bbox 650 3527 774 3586; x_wconf 67' lang='lat' dir='ltr'><strong>‚unquam</strong></span> <span class='ocrx_word' id='word_1_360' title='bbox 798 3510 839 3567; x_wconf 88' lang='lat' dir='ltr'><strong>ita</strong></span> <span class='ocrx_word' id='word_1_361' title='bbox 858 3525 954 3566; x_wconf 89' lang='lat' dir='ltr'><strong>amens</strong></span> <span class='ocrx_word' id='word_1_362' title='bbox 976 3511 1046 3581; x_wconf 90' lang='lat' dir='ltr'><strong>sim,</strong></span> <span class='ocrx_word' id='word_1_363' title='bbox 1071 3518 1236 3568; x_wconf 77' lang='lat' dir='ltr'><strong>utnoneut</strong></span> <span class='ocrx_word' id='word_1_364' title='bbox 1256 3507 1343 3580; x_wconf 78' lang='lat' dir='ltr'><strong>divini</strong></span> 
     </span>
     <span class='ocr_line' id='line_1_41' title="bbox 254 3583 1338 3670; baseline 0.006 -27"><span class='ocrx_word' id='word_1_365' title='bbox 254 3583 377 3644; x_wconf 89' lang='lat' dir='ltr'><strong>bominis</strong></span> <span class='ocrx_word' id='word_1_366' title='bbox 391 3586 519 3648; x_wconf 87' lang='lat' dir='ltr'><strong>Tbomae</strong></span> <span class='ocrx_word' id='word_1_367' title='bbox 533 3587 683 3669; x_wconf 80' lang='lat' dir='ltr'><strong>Aquinatis</strong></span> <span class='ocrx_word' id='word_1_368' title='bbox 696 3601 745 3650; x_wconf 85' lang='lat' dir='ltr'><strong>eut</strong></span> <span class='ocrx_word' id='word_1_369' title='bbox 757 3591 870 3650; x_wconf 86' lang='lat' dir='ltr'><strong>Alberti</strong></span> <span class='ocrx_word' id='word_1_370' title='bbox 884 3589 986 3670; x_wconf 83' lang='lat' dir='ltr'><strong>Magni</strong></span> <span class='ocrx_word' id='word_1_371' title='bbox 998 3592 1163 3652; x_wconf 85' lang='lat' dir='ltr'><strong>indisertam</strong></span> <span class='ocrx_word' id='word_1_372' title='bbox 1176 3593 1338 3670; x_wconf 86' lang='lat' dir='ltr'><strong>sapientiem</strong></span> 
     </span>
     <span class='ocr_line' id='line_1_42' title="bbox 161 3665 1339 3754; baseline 0.008 -29"><span class='ocrx_word' id='word_1_373' title='bbox 161 3691 168 3704; x_wconf 92' lang='lat'><em>·</em></span> <span class='ocrx_word' id='word_1_374' title='bbox 254 3665 416 3729; x_wconf 87' lang='lat' dir='ltr'><strong>ineruditae</strong></span> <span class='ocrx_word' id='word_1_375' title='bbox 435 3672 584 3734; x_wconf 87' lang='lat' dir='ltr'><strong>multorum</strong></span> <span class='ocrx_word' id='word_1_376' title='bbox 600 3674 762 3754; x_wconf 86' lang='lat' dir='ltr'><strong>loquacitati</strong></span> <span class='ocrx_word' id='word_1_377' title='bbox 782 3675 900 3733; x_wconf 82' lang='lat' dir='ltr'><strong>infinitis</strong></span> <span class='ocrx_word' id='word_1_378' title='bbox 918 3677 1045 3754; x_wconf 84' lang='lat' dir='ltr'><strong>partibus</strong></span> <span class='ocrx_word' id='word_1_379' title='bbox 1062 3687 1240 3754; x_wconf 85' lang='lat' dir='ltr'><strong>anteponam.</strong></span> <span class='ocrx_word' id='word_1_380' title='bbox 1284 3673 1339 3734; x_wconf 87' lang='lat' dir='ltr'><strong>Sed</strong></span> 
     </span>
     <span class='ocr_line' id='line_1_43' title="bbox 249 3750 1339 3837; baseline 0.006 -27"><span class='ocrx_word' id='word_1_381' title='bbox 249 3750 282 3810; x_wconf 74' lang='lat' dir='ltr'><strong>¹si</strong></span> <span class='ocrx_word' id='word_1_382' title='bbox 296 3753 358 3829; x_wconf 89' lang='lat' dir='ltr'><strong>quis</strong></span> <span class='ocrx_word' id='word_1_383' title='bbox 377 3752 447 3814; x_wconf 89' lang='lat' dir='ltr'><strong>baec</strong></span> <span class='ocrx_word' id='word_1_384' title='bbox 460 3766 578 3834; x_wconf 86' lang='lat' dir='ltr'><strong>utraque</strong></span> <span class='ocrx_word' id='word_1_385' title='bbox 589 3761 764 3836; x_wconf 80' lang='lat' dir='ltr'><strong>coniungere</strong></span> <span class='ocrx_word' id='word_1_386' title='bbox 780 3769 912 3828; x_wconf 88' lang='lat' dir='ltr'><strong>conetur,</strong></span> <span class='ocrx_word' id='word_1_387' title='bbox 936 3769 965 3818; x_wconf 86' lang='lat' dir='ltr'><strong>et</strong></span> <span class='ocrx_word' id='word_1_388' title='bbox 982 3760 1018 3817; x_wconf 93' lang='lat' dir='ltr'><strong>iis</strong></span> <span class='ocrx_word' id='word_1_389' title='bbox 1032 3761 1116 3837; x_wconf 89' lang='lat' dir='ltr'><strong>ipsis,</strong></span> <span class='ocrx_word' id='word_1_390' title='bbox 1139 3778 1211 3836; x_wconf 86' lang='lat' dir='ltr'><strong>quae</strong></span> <span class='ocrx_word' id='word_1_391' title='bbox 1224 3759 1339 3818; x_wconf 78' lang='lat' dir='ltr'><strong>sanctis-</strong></span> 
     </span>
     <span class='ocr_line' id='line_1_44' title="bbox 149 3835 1338 3921; baseline 0.007 -29"><span class='ocrx_word' id='word_1_392' title='bbox 149 3857 154 3864; x_wconf 93' lang='lat'>·</span> <span class='ocrx_word' id='word_1_393' title='bbox 255 3835 321 3893; x_wconf 89' lang='lat' dir='ltr'><strong>simi</strong></span> <span class='ocrx_word' id='word_1_394' title='bbox 335 3835 378 3894; x_wconf 93' lang='lat' dir='ltr'><strong>illi</strong></span> <span class='ocrx_word' id='word_1_395' title='bbox 398 3849 426 3896; x_wconf 90' lang='lat' dir='ltr'><strong>et</strong></span> <span class='ocrx_word' id='word_1_396' title='bbox 439 3837 624 3900; x_wconf 86' lang='lat' dir='ltr'><strong>eruditissimi</strong></span> <span class='ocrx_word' id='word_1_397' title='bbox 640 3842 769 3902; x_wconf 88' lang='lat' dir='ltr'><strong>homines</strong></span> <span class='ocrx_word' id='word_1_398' title='bbox 786 3839 902 3900; x_wconf 89' lang='lat' dir='ltr'><strong>horride</strong></span> <span class='ocrx_word' id='word_1_399' title='bbox 919 3855 947 3901; x_wconf 90' lang='lat' dir='ltr'><strong>et</strong></span> <span class='ocrx_word' id='word_1_400' title='bbox 960 3843 1067 3902; x_wconf 85' lang='lat' dir='ltr'><strong>inculte</strong></span> <span class='ocrx_word' id='word_1_401' title='bbox 1082 3854 1238 3921; x_wconf 88' lang='lat' dir='ltr'><strong>temporum</strong></span> <span class='ocrx_word' id='word_1_402' title='bbox 1253 3843 1338 3920; x_wconf 72' lang='lat' dir='ltr'><strong>megm</strong></span> 
     </span>
     <span class='ocr_line' id='line_1_45' title="bbox 255 3922 1337 4004; baseline 0.009 -30"><span class='ocrx_word' id='word_1_403' title='bbox 255 3937 335 3996; x_wconf 87' lang='lat' dir='ltr'><strong>quem</strong></span> <span class='ocrx_word' id='word_1_404' title='bbox 352 3939 404 3978; x_wconf 88' lang='lat' dir='ltr'><strong>suo</strong></span> <span class='ocrx_word' id='word_1_405' title='bbox 416 3922 487 3981; x_wconf 88' lang='lat' dir='ltr'><strong>vitio</strong></span> <span class='ocrx_word' id='word_1_406' title='bbox 500 3923 687 3998; x_wconf 86' lang='lat' dir='ltr'><strong>tradiderunt,</strong></span> <span class='ocrx_word' id='word_1_407' title='bbox 704 3935 832 3984; x_wconf 87' lang='lat' dir='ltr'><strong>ornatum</strong></span> <span class='ocrx_word' id='word_1_408' title='bbox 848 3925 969 4002; x_wconf 86' lang='lat' dir='ltr'><strong>aliquem</strong></span> <span class='ocrx_word' id='word_1_409' title='bbox 989 3925 1126 3998; x_wconf 83' lang='lat' dir='ltr'><strong>adbibere</strong></span> <span class='ocrx_word' id='word_1_410' title='bbox 1139 3924 1337 4004; x_wconf 69' lang='lat' dir='ltr'><strong>studeat,&#39;quis</strong></span> 
     </span>
     <span class='ocr_line' id='line_1_46' title="bbox 253 4004 1363 4087; baseline 0.009 -29"><span class='ocrx_word' id='word_1_411' title='bbox 253 4019 343 4078; x_wconf 88' lang='lat' dir='ltr'><strong>usque</strong></span> <span class='ocrx_word' id='word_1_412' title='bbox 367 4022 402 4062; x_wconf 91' lang='lat' dir='ltr'><strong>eo</strong></span> <span class='ocrx_word' id='word_1_413' title='bbox 424 4004 537 4083; x_wconf 91' lang='lat' dir='ltr'><strong>iniquus</strong></span> <span class='ocrx_word' id='word_1_414' title='bbox 559 4008 669 4068; x_wconf 85' lang='lat' dir='ltr'><strong>iuturus</strong></span> <span class='ocrx_word' id='word_1_415' title='bbox 692 4019 754 4080; x_wconf 88' lang='lat' dir='ltr'><strong>est,</strong></span> <span class='ocrx_word' id='word_1_416' title='bbox 785 4019 816 4067; x_wconf 92' lang='lat' dir='ltr'><strong>ut</strong></span> <span class='ocrx_word' id='word_1_417' title='bbox 839 4004 1091 4068; x_wconf 74' lang='lat' dir='ltr'><strong>eiusiodustriam</strong></span> <span class='ocrx_word' id='word_1_418' title='bbox 1113 4009 1363 4087; x_wconf 80' lang='lat' dir='ltr'><strong>contemnendam</strong></span> 
     </span>
     <span class='ocr_line' id='line_1_47' title="bbox 253 4085 1338 4172; baseline 0.01 -30"><span class='ocrx_word' id='word_1_419' title='bbox 253 4085 347 4164; x_wconf 88' lang='lat' dir='ltr'><strong>potins</strong></span> <span class='ocrx_word' id='word_1_420' title='bbox 368 4105 450 4165; x_wconf 89' lang='lat' dir='ltr'><strong>quem</strong></span> <span class='ocrx_word' id='word_1_421' title='bbox 467 4090 713 4152; x_wconf 84' lang='lat' dir='ltr'><strong>commendendam</strong></span> <span class='ocrx_word' id='word_1_422' title='bbox 738 4089 837 4172; x_wconf 80' lang='lat' dir='ltr'><strong>patet‘l</strong></span> <span class='ocrx_word' id='word_1_423' title='bbox 878 4090 1010 4152; x_wconf 76' lang='lat' dir='ltr'><strong>Alterum</strong></span> <span class='ocrx_word' id='word_1_424' title='bbox 1032 4093 1160 4152; x_wconf 83' lang='lat' dir='ltr'><strong>fortasse</strong></span> <span class='ocrx_word' id='word_1_425' title='bbox 1176 4112 1267 4171; x_wconf 88' lang='lat' dir='ltr'><strong>genus</strong></span> <span class='ocrx_word' id='word_1_426' title='bbox 1288 4094 1338 4153; x_wconf 90' lang='lat' dir='ltr'><strong>erit</strong></span> 
     </span>
    </p>
   </div>
   <div class='ocr_carea' id='block_1_4' title="bbox 253 4247 1336 4402">
    <p class='ocr_par' dir='ltr' id='par_1_4' title="bbox 253 4247 1336 4402">
     <span class='ocr_line' id='line_1_48' title="bbox 274 4247 1336 4351; baseline 0.008 -22"><span class='ocrx_word' id='word_1_427' title='bbox 274 4265 276 4272; x_wconf 50' lang='lat'><strong>¹</strong></span> <span class='ocrx_word' id='word_1_428' title='bbox 309 4285 343 4351; x_wconf 66' lang='lat' dir='ltr'><strong>*J</strong></span> <span class='ocrx_word' id='word_1_429' title='bbox 363 4286 430 4330; x_wconf 77' lang='lat' dir='ltr'><strong>tieen</strong></span> <span class='ocrx_word' id='word_1_430' title='bbox 448 4289 473 4332; x_wconf 87' lang='lat' dir='ltr'><strong>et</strong></span> <span class='ocrx_word' id='word_1_431' title='bbox 493 4295 555 4340; x_wconf 81' lang='lat' dir='ltr'><strong>qnae</strong></span> <span class='ocrx_word' id='word_1_432' title='bbox 576 4292 709 4344; x_wconf 79' lang='lat' dir='ltr'><strong>sequuntur</strong></span> <span class='ocrx_word' id='word_1_433' title='bbox 722 4289 812 4346; x_wconf 78' lang='lat' dir='ltr'><strong>tegenti</strong></span> <span class='ocrx_word' id='word_1_434' title='bbox 827 4289 886 4337; x_wconf 80' lang='lat' dir='ltr'><strong>mitti</strong></span> <span class='ocrx_word' id='word_1_435' title='bbox 899 4290 1002 4338; x_wconf 83' lang='lat' dir='ltr'><strong>occurrit</strong></span> <span class='ocrx_word' id='word_1_436' title='bbox 1016 4247 1160 4348; x_wconf 72' lang='lat' dir='ltr'><strong>deincipium</strong></span> <span class='ocrx_word' id='word_1_437' title='bbox 1172 4290 1286 4339; x_wconf 72' lang='lat' dir='ltr'><strong>utrorum</strong></span> <span class='ocrx_word' id='word_1_438' title='bbox 1299 4291 1336 4340; x_wconf 79' lang='lat' dir='ltr'><strong>ci·</strong></span> 
     </span>
     <span class='ocr_line' id='line_1_49' title="bbox 253 4343 716 4402; baseline 0.019 -17"><span class='ocrx_word' id='word_1_439' title='bbox 253 4350 348 4387; x_wconf 76' lang='lat' dir='ltr'><strong>oenones</strong></span> <span class='ocrx_word' id='word_1_440' title='bbox 363 4343 393 4388; x_wconf 88' lang='lat' dir='ltr'><strong>de</strong></span> <span class='ocrx_word' id='word_1_441' title='bbox 407 4343 460 4390; x_wconf 70' lang='lat' dir='ltr'><strong>rin.</strong></span> <span class='ocrx_word' id='word_1_442' title='bbox 475 4354 528 4400; x_wconf 74' lang='lat' dir='ltr'><strong>ose.</strong></span> <span class='ocrx_word' id='word_1_443' title='bbox 545 4345 567 4392; x_wconf 83' lang='lat' dir='ltr'><strong>t.</strong></span> <span class='ocrx_word' id='word_1_444' title='bbox 578 4357 615 4402; x_wconf 77' lang='lat' dir='ltr'><strong>ep.</strong></span> <span class='ocrx_word' id='word_1_445' title='bbox 644 4349 688 4392; x_wconf 75' lang='lat' dir='ltr'><strong>es.</strong></span> <span class='ocrx_word' id='word_1_446' title='bbox 712 4378 716 4396; x_wconf 68' lang='grc'>,</span> 
     </span>
    </p>
   </div>
   <div class='ocr_carea' id='block_1_5' title="bbox 0 0 1472 5062">
    <p class='ocr_par' dir='ltr' id='par_1_5' title="bbox 0 0 1472 5062">
     <span class='ocr_line' id='line_1_50' title="bbox 0 0 1472 5062; baseline 0 0"><span class='ocrx_word' id='word_1_447' title='bbox 0 0 1472 5062; x_wconf 95' lang='lat' dir='ltr'><strong> </strong></span> 
     </span>
    </p>
   </div>
  </div>
 </body>
</html>
