2960 5070
255 265 347 381 mn,
425 333 490 394 χ
672 259 990 400 muumurunr'
1091 238 1096 252 „
1328 385 1332 397 Ι

118 517 123 530 ,
235 437 267 504 l
477 461 1133 551 erxelneonnrusnnanuu.
1281 473 1288 512 ι

343 572 546 684 Dispereern‚
570 591 627 666 uisi
649 607 679 683 te
699 597 824 679 aspicio,
849 579 982 670 Collina,
1005 597 1163 692 libenter·

469 684 567 762 Nique
589 683 675 743 etiam
695 693 789 744 tecum
811 682 926 763 saepius
950 701 1016 742 esse
1035 685 1138 760 velim:
1164 687 1169 692 '

345 768 419 831 Tum
440 769 570 846 quoniam
592 765 775 844 anguicomus
798 766 840 824 sic
863 765 997 844 exprimis
1021 785 1071 826 ore
1093 788 1228 844 sorores,

429 849 573 912 Terriculi
594 858 627 907 ut
646 849 732 908 facile
755 867 855 913 munus
877 848 958 908 obire
980 867 1087 926 queas,

245 975 250 984 ,
282 939 302 992 ts
343 935 418 996 Turn
437 934 567 1012 quoniam
589 931 719 1010 inprimis
741 942 822 1010 potas
844 930 938 1011 lepide
961 941 1044 1010 atque
1066 931 1215 999 decenterz
1325 987 1329 994 ,

430 1014 526 1076 Crede
546 1014 634 1086 mihi,
657 1013 704 1074 hie
727 1013 837 1074 demum
861 1016 955 1097 gratia
976 1034 1079 1094 magna
1099 1029 1147 1077 tua
1167 1009 1236 1081 est?

300 1157 303 1162 .
346 1099 421 1160 Nam
443 1110 474 1158 tu
494 1099 616 1177 aliquot,
641 1099 689 1176 qui
713 1099 773 1158 sint
793 1094 920 1178 reliquae
939 1097 1088 1178 praeludia
1107 1122 1243 1184 pompae,

432 1175 565 1244 Suaviter
586 1181 721 1250 immissis
744 1181 871 1241 ructibus
893 1182 922 1240 in
943 1181 1096 1262 cyathum,

349 1265 516 1336 sichimis,
541 1273 573 1324 ut
594 1261 692 1324 dulcis¹
710 1263 795 1324 labiis
818 1261 1005 1344 pendentibus
1028 1265 1128 1328 humor

288 1354 328 1409 lo
431 1346 560 1408 Assidue
580 1347 699 1406 alternis
722 1347 821 1408 inlluet
842 1359 871 1408 et
893 1348 1006 1408 relluet.

348 1429 461 1512 Expers
483 1433 594 1492 interea
614 1449 651 1492 ne
673 1431 712 1490 sit
731 1449 798 1509 pars
820 1431 877 1490 ulla
896 1429 1029 1502 decoris,

431 1513 550 1574 Labitur
570 1515 600 1572 ln
623 1515 756 1592 pinguem
777 1533 880 1594 spurca
898 1514 994 1574 saliva
1016 1515 1118 1576 sinum.

348 1596 444 1662 Crede
465 1598 546 1670 mibi,
572 1595 600 1657 id
623 1598 750 1676 pulcrum
771 1607 828 1668 est,
851 1595 951 1672 dentes
973 1618 1036 1658 cum
1058 1599 1157 1658 allisus
1172 1597 1209 1660 ad
1225 1612 1304 1663 atros

433 1681 483 1742 Sic
506 1681 601 1760 patulo
623 1679 753 1758 geminos
774 1678 847 1738 ludit
865 1681 895 1740 in
919 1699 970 1740 ore
991 1680 1094 1760 liquor.

287 1770 326 1826 lt
346 1763 445 1828 Macte
465 1783 539 1844 age,
562 1773 654 1825 macte
677 1764 788 1836 animo,
810 1761 964 1847 Furiarum
987 1766 1050 1824 sola
1069 1765 1211 1846 voluptas,
1261 1778 1265 1790 '

310 1867 314 1875 ’
433 1842 576 1907 Delicium
600 1845 696 1926 stygii
718 1847 779 1906 sola
801 1845 894 1906 lutura
916 1848 1014 1907 canis:

348 1929 464 2012 Perge,
488 1931 617 2007 citosque
638 1929 739 1990 bibens
759 1928 912 1989 Maeandri
936 1927 1024 1988 redde
1045 1929 1187 1993 reflexus:
1253 1945 1260 1958 ·'

432 2011 487 2088 ld,
508 2013 628 2086 festiva,
651 2013 735 2072 simul
758 2023 786 2073 et
806 2012 907 2073 bibere
930 2023 959 2072 et
980 2033 1095 2074 vomere
1116 2025 1171 2075 est.
1235 2091 1238 2097 Ι

164 2200 166 2204 ·
205 2209 253 2258 m
488 2175 571 2293 'cxf
615 2192 849 2256 nuuonro
880 2193 1127 2256 contnuo.

348 2289 544 2408 Umquamne,
566 2323 693 2398 Antoni,
718 2325 886 2408 locupletem
908 2337 938 2386 te
961 2326 1024 2386 lore
1045 2327 1165 2420 credis‘l

432 2409 473 2469 Et
496 2407 576 2470 eaelo
599 2420 628 2468 et
648 2419 708 2468 tota
728 2411 838 2471 falleris
860 2410 957 2476 bercle
977 2411 1035 2470 vla.

348 2491 415 2560 Non
439 2510 470 2552 es
493 2491 642 2564 adulator,
666 2513 721 2552 non
744 2493 808 2566 lor,
831 2514 886 2553 non
907 2491 1035 2572 deniqne⁴
1049 2494 1133 2572 leno,

432 2573 500 2635 Non
520 2575 611 2636 bonus
633 2575 762 2636 insontes
786 2595 856 2637 voce
879 2595 1000 2635 onerare
1023 2592 1101 2640 reos.

287 2663 308 2716 a
349 2657 492 2719 lnuocuus
514 2658 607 2730 vivis,
631 2657 795 2738 fraudisque
816 2670 845 2719 et
867 2659 995 2718 criminis
1017 2679 1140 2739 expers,

312 2749 314 2753 ’
434 2741 556 2822 Semper
574 2741 605 2800 in
626 2742 741 2820 antiqua
762 2739 944 2823 simplicitate
964 2761 1073 2803 manes.

349 2821 465 2886 Evades
486 2843 625 2904 nunquam
645 2824 726 2886 dives
747 2824 905 2888 rationibus
927 2825 1010 2884 istis:
1121 2839 1125 2842 ·

432 2907 511 2970 Esse
531 2909 635 2970 bonum
655 2919 904 2992 nostrotemporo
925 2909 1047 2968 stultitia
1070 2919 1126 2972 est.

583 3075 1037 3152 cx1.rnuno.
1145 3062 1154 3088 *

276 3203 278 3210 ’
324 3278 326 3288 s
349 3173 419 3278 Qut
442 3212 536 3289 capit,
560 3213 702 3284 inlerior3
721 3212 834 3284 maior,
858 3213 906 3290 qm'
928 3211 1034 3287 donat,
1056 3213 1195 3278 babetur-2

432 3294 558 3356 Inferior
579 3297 622 3355 sic
645 3305 692 3369 te,
714 3293 823 3369 Paule,
848 3295 974 3356 libenter
993 3317 1056 3358 ero.

559 3455 660 3520 CXll.
712 3457 1083 3525 uuluam·

348 3559 428 3652 Hos
451 3590 504 3650 tibi
525 3589 591 3670 quid
612 3585 691 3652 iuras
713 3592 803 3656 laetos
826 3611 863 3654 ex
883 3603 1011 3675 tempore
1033 3597 1160 3658 versus‘l
1278 3586 1284 3594 ¹

432 3673 562 3762 Pagina,
586 3676 611 3734 si
636 3685 750 3750 taceas,
772 3675 803 3738 id
823 3677 894 3738 satis
916 3679 979 3760 ipsa
999 3679 1111 3760 probat.

484 3836 625 3918 amu.
669 3817 1114 3906 matranorum.

349 3920 431 4014 Gom
450 3952 583 4016 Phaedra
605 3957 754 4040 Hippolyti
776 3956 913 4019 disiectos
937 3973 1070 4022 cerneret
1091 3974 1171 4024 artus

428 4036 621 4118 ¹Membraque
642 4051 699 4101 tum
721 4041 823 4102 multis
838 4044 1056 4122 sanguinolenta
1077 4046 1171 4120 loeis,

289 4169 294 4176 ,
349 4115 504 4206 Postquam
527 4142 584 4181 non
605 4125 683 4204 potui
705 4125 799 4184 vivum
820 4135 849 4186 tc
870 4128 1035 4201 inlleotere,
1059 4127 1149 4202 dixit,
1239 4175 1247 4188 .

433 4203 599 4284 Persequar
619 4205 656 4268 ad
676 4207 795 4288 Stygios
818 4220 847 4269 te
867 4219 961 4270 tumen
981 4231 1070 4290 usque
1092 4212 1182 4272 lacus.

289 4289 308 4342 a
350 4283 448 4360 Dixit,
473 4299 503 4347 et
524 4288 690 4350 incumbens
711 4289 825 4370 gladio,
847 4303 952 4353 terram
972 4315 1022 4355 ore
1044 4294 1233 4368 momordit,x

429 4371 535 4454 ·Saepe
556 4391 636 4436 amor
657 4373 775 4436 insanus
796 4374 868 4438 talia
884 4389 1013 4442 munstre
1031 4379 1118 4460 parit.
1249 4367 1253 4394 ‘

328 4461 330 4466 ’
707 4473 714 4487 ν
768 4465 781 4490 1
