2960 5070
94 903 95 914 i
203 979 251 1026 a
452 860 1262 1031 m.anr0u11muuur1·'-
1371 871 1382 886 ’

156 1129 183 1318 Ἰ
240 1103 1361 1278 ¹1‘10urrartmuvanrenmu

534 1347 1094 1420 Ltssuttseottttlttts

708 1505 935 1531 ἓξὲξ

488 1605 516 1669 1.
553 1547 738 1667 'P'saum
761 1599 878 1668 xxm.
912 1607 978 1690 (u.
999 1603 1150 1688 xxvn.)

353 1733 451 1827 Clara
471 1783 553 1826 meae
573 1765 636 1844 ipse
657 1761 739 1822 Deus
763 1725 1056 1842 praepandit⁸tuntna
1075 1767 1178 1840 menti,

437 1851 505 1930 lpse
527 1848 596 1907 mihi
618 1845 700 1906 Deus
723 1855 768 1904 est
788 1843 944 1904 indubitata
967 1847 1056 1907 salus.

313 1995 316 2006 ,
354 1933 446 2011 Quem
468 1929 614 1992 metuam?
635 1931 719 1994 vitan
744 1946 812 1987 ecee
835 1947 924 1990 meam
948 1928 1029 1990 Deus
1050 1931 1114 2010 ipse
1134 1944 1242 1996 tuetur.
1312 1945 1320 1954 “

437 2015 498 2076 Cur
520 2033 655 2096 paveam,
678 2013 774 2073 varios
799 2013 1012 2092 concipiamque
1033 2018 1147 2078 metus‘i

282 2161 287 2172 ,
312 2107 332 2162 tt
355 2099 428 2162 Cum
452 2100 514 2160 fera
537 2118 581 2158 me
603 2098 677 2158 valio
699 2098 821 2156 uinctum
844 2098 976 2176 propiore
997 2109 1127 2175 teneret,
1225 2119 1233 2128 ’

190 2181 193 2190 ’
439 2183 480 2244 Et
502 2183 611 2242 fureret
631 2200 732 2240 earnes
759 2181 841 2239 turba
864 2199 966 2240 vorare
988 2174 1083 2242 mens:

290 2311 294 2321 ι
354 2265 482 2349 ipsemet
502 2267 639 2345 impegit,
660 2265 708 2344 qui
731 2283 776 2322 me
797 2283 885 2344 prope
908 2259 1023 2342 ceperat
1044 2266 1154 2340 hostis,

438 2351 507 2432 lpse
526 2348 630 2408 cedens
654 2358 733 2408 vasto
754 2366 874 2425 corpore
897 2350 1004 2427 pre'ssit
1024 2348 1146 2410 humum.

355 2433 436 2514 Ergo
459 2434 574 2494 inimica
594 2451 692 2490 necem
716 2431 784 2488 mihi
807 2432 862 2490 iam
885 2431 911 2489 si
932 2442 1027 2490 cestra
1047 2435 1210 2508 minentur,

293 2522 335 2579 ¹0
437 2515 541 2578 Nullus
566 2515 638 2586 erit,
661 2515 755 2594 pulset
774 2514 821 2593 qui
845 2533 909 2572 mea
929 2513 1034 2586 eorda,
1056 2537 1155 2595 pavor.

355 2600 472 2664 Praelia
494 2600 519 2658 si
541 2600 721 2676 ingruerint,
746 2615 847 2676 expers
869 2600 989 2657 terroris
1011 2599 1113 2674 abibo,

441 2684 499 2763 Spe
522 2681 611 2742 fidens
635 2701 691 2740 una
711 2679 909 2759 praesidioque
929 2680 998 2742 Dei.

355 2767 449 2830 linum
472 2764 590 2826 concedi
613 2765 682 2844 petii
704 2764 772 2823 mihi
794 2784 893 2822 nnuuus
916 2765 951 2824 ab
973 2767 1054 2844 ipso,
1092 2783 1094 2790 ‘

441 2848 529 2928 quue
551 2869 634 2908 unum
657 2849 773 2908 summis
795 2867 885 2926 usque
905 2859 998 2927 petam
1021 2849 1172 2933 precibus,

295 2939 336 2995 ttt
357 2931 487 3013 Exigere
509 2943 539 2991 ut
560 2932 630 2992 tanti
653 2933 785 3010 speciosa
806 2933 884 3009 regis
906 2933 936 2990 in
960 2933 1024 2992 auia

307 3007 309 3018 ’
443 3017 503 3076 Fas
525 3015 593 3079 mihi
615 3016 653 3074 sit
674 3017 748 3075 vitae
771 3025 898 3094 tempora
918 3026 977 3074 tuta
998 3035 1095 3078 meae:

359 3099 400 3162 Ut
420 3101 583 3159 collustrem
606 3099 696 3158 oculis
720 3099 788 3172 nulii
810 3099 872 3158 loca
892 3109 958 3157 nota
979 3101 1115 3178 profane,

441 3181 483 3244 Et
502 3181 619 3242 Domini
642 3193 758 3262 aspectu
781 3180 948 3260 deliciisque
968 3182 1059 3247 fruar.

707 3266 809 3334 Cetera
834 3266 946 3328 destant.

567 3430 609 3493 n.
653 3429 829 3493 esaum.
853 3429 891 3492 u.
917 3429 981 3513 (n.
1005 3429 1075 3514 m.)

298 3549 307 3566 ⁹
359 3546 520 3632 Miserere
541 3565 685 3638 clemens,
709 3567 848 3639 obsecro,
873 3567 947 3638 mei,
971 3563 1072 3638 Deus,

380 3708 383 3716 ,
443 3650 728 3728 Illamquemaguam
750 3651 832 3730 plane
854 3661 882 3709 et
904 3649 1099 3710 admirabilem

169 3737 172 3746 ¹
210 3747 258 3797 me
362 3730 491 3792 Ostende
513 3733 603 3812 euipis
625 3734 654 3790 in
678 3734 748 3793 meis
770 3734 957 3794 elementiam.

445 3816 587 3896 immensa
609 3815 823 3876 misericordiae
846 3818 896 3878 itta
916 3818 960 3878 vis
981 3827 1046 3875 tuae

318 3901 338 3955 ts
359 3896 546 3978 iniquitatem
559 3899 669 3973 deleat,
693 3919 815 3980 quaeso,
840 3921 941 3962 meam.

443 3981 523 4043 Lava
544 3984 663 4063 amplius
685 4003 749 4056 me,
774 3995 803 4044 et
823 3985 887 4044 elue
908 3983 1051 4058 maculas,
1074 3981 1183 4059 Pater,

359 4063 440 4138 Quas
459 4077 534 4128 tetra
554 4068 632 4127 labes
655 4068 774 4128 sceleris
796 4070 920 4150 aspersit
942 4067 1030 4142 mihi,

355 4147 398 4210 Ut
417 4149 491 4210 lotus
514 4171 531 4210 a
552 4161 599 4223 te,
624 4149 742 4226 mundus
764 4152 867 4211 iterum
888 4171 1050 4230 appaream.

441 4231 571 4313 Namque
593 4237 654 4314 ipse
676 4236 791 4314 culpas,
817 4235 864 4295 hei
886 4235 971 4306 milri,
995 4248 1119 4314 agnosco
1141 4253 1230 4299 meas.

296 4309 507 4398 tentusque
530 4337 640 4400 quoquo
661 4319 765 4390 lumina
788 4318 933 4382 obvertunt
955 4319 1060 4398 miser,
