2980 5074
285 321 350 396 III
536 393 537 396 ,
687 323 808 390 usust·
826 324 983 392 tussit·

126 554 130 560 .
219 509 269 558 tte
288 493 425 574 stagras
446 492 582 554 ιιιιιιιιιιι
602 495 733 582 nuntias,
756 492 830 574 qnod
853 498 905 555 ros
929 513 985 556 una
1005 493 1126 556 ιιιιιιιι
1139 515 1216 556 auno
1232 495 1261 556 iri
1278 495 1379 556 urbem

235 589 423 640 ·uemums
443 575 618 656 polliceris.
633 575 740 638 Fruar
752 577 826 638 enim
839 585 981 676 aspectu,
998 578 1144 677 amplexu'
1143 591 1175 639 ιι
1188 581 1378 660 optatissimis

289 659 467 722 sermonibus
488 659 605 720 duorum
630 659 715 739 louge
739 660 808 718 mibi
831 661 1043 720 carissimorum
1058 660 1191 742 capitum
1235 661 1277 722 Et
1291 681 1380 743 spero

288 763 339 806 uos
353 763 409 802 non
425 743 466 802 ita
480 754 631 825 occupatos
645 744 719 814 iore,
736 754 834 802 utnon
851 745 1020 824 saepissime
1035 744 1117 803 uobis
1130 763 1185 803 una
1197 763 1264 805 esse
1279 745 1376 805 liccat.

280 827 348 890 iam
366 843 440 885 nuuc
458 827 606 906 praecipio
626 837 722 886 mente
736 843 772 886 ac
788 828 963 905 cogitatione
979 826 1196 914 collocutionum
1216 837 1380 888 nostrarum

287 909 468 970 suavitatem.
512 908 627 970 Interea
649 907 723 989 qdod
745 911 856 969 unicum
880 909 948 970 mibi
972 910 1110 990 reliquum
1137 897 1199 970 erat
1220 911 1380 990 exemplum

287 991 411 1058 ικιίνοιι
422 993 479 1054 scii
501 989 578 1070 lucil
592 991 757 1075 λιγαριοιι,
780 990 816 1052 ad
837 1010 888 1052 uus
905 993 996 1082 mitto.
1039 991 1220 1073 Propediem
1225 992 1381 1074 prodibunt

287 1096 325 1137 cx
340 1074 409 1136 alti
421 1075 547 1136 Massutii
558 1076 674 1136 officina
687 1076 832 1136 orationes
848 1095 945 1136 omues
960 1095 1053 1148 meac,
1062 1078 1092 1136 in
1109 1075 1209 1176 quibus
1226 1075 1298 1137 baec
1310 1097 1382 1158 qno-

288 1177 354 1240 que.
398 1158 517 1218 inerunt
534 1169 566 1220 et
586 1159 728 1240 poematia
748 1158 885 1239 quaedam
905 1161 963 1218 uon
988 1161 1087 1238 magui
1106 1161 1212 1238 pretii,
1203 1157 1288 1219 ἰιι
1305 1179 1380 1241 quae

215 1307 217 1311 ,
289 1253 382 1302 muron
406 1241 527 1305 mirilico
547 1261 565 1302 a
586 1243 751 1322 qulbusdans
775 1241 868 1302 studio
890 1253 1069 1322 expetuntur.
1112 1227 1302 1316 Μιιιιιιιιι,
1325 1245 1381 1304 Sa·

289 1327 369 1386 'orato
391 1325 447 1397 mi,
469 1324 567 1386 indere
583 1325 653 1384 mibi
674 1323 805 1385 ridentur
820 1325 947 1385 hominos
957 1366 968 1397 ,
991 1344 1054 1387 eum
1073 1343 1137 1384 mea
1155 1326 1245 1386 istaec
1263 1325 1381 1388 laudant
1480 1365 1481 1408 p

289 1419 320 1468 et
340 1409 506 1487 requiruntr
529 1411 603 1486 quae
622 1419 752 1486 egoque
769 1409 863 1487 magis
884 1409 1026 1488 inspicio,
1049 1425 1084 1468 eo
1100 1409 1191 1486 magis
1209 1428 1292 1488 quam
1307 1409 1380 1470 nibiI

288 1492 364 1564 sint,
387 1491 491 1550 sentio.
534 1491 610 1566 Nam
634 1501 666 1550 ut
683 1488 937 1570 aliquidtfortasse
952 1491 1060 1564 simus,
1083 1491 1109 1549 si
1129 1511 1193 1550 cum
1212 1491 1380 1572 quibusdam

183 1599 187 1608 ¹
288 1572 454 1654 aequalibus
475 1575 582 1633 nostris
608 1574 805 1645 socleramum
829 1584 976 1646 atcerte,
1000 1575 1027 1634 si
1047 1575 1188 1654 quiscum
1210 1575 1380 1655 antiquitate
1480 1579 1481 1624 3

288 1675 342 1716 nos
366 1665 526 1736 comparet,
550 1658 687 1716 Iacemus.
731 1657 824 1718 Vale:
847 1666 897 1717 aut
917 1658 1011 1756 potius
1030 1657 1113 1718 ambo
1129 1657 1243 1730 valete,
1267 1657 1380 1737 mando

289 1750 321 1799 ut
343 1759 398 1817 ego
419 1759 471 1818 pro
490 1736 656 1837 indivisol')
679 1738 824 1800 amborum
845 1740 999 1800 communis
1020 1759 1094 1812 snm,
1117 1741 1157 1800 ita
1171 1740 1241 1801 baec
1256 1741 1380 1820 epistola

195 1860 199 1870 ·
288 1823 437 1900 utriusque
466 1824 621 1884 eommunis
646 1823 742 1884 futura
772 1833 829 1884 est.
879 1823 1000 1886 Romae.
1026 1823 1099 1886 XII
1127 1821 1251 1906 Iialend.
1273 1824 1376 1886 Sextii.

288 1903 497 1974 MDLXXIV.
629 1925 633 1930 ·

499 2071 602 2135 xxv.
644 2071 844 2190 usuum
878 2071 1167 2152 saccaro.
1334 2148 1339 2184 Ι

90 2261 94 2280 .
182 2263 187 2272 -
288 2189 411 2285 Nunc'
400 2243 494 2306 ipsum
508 2243 606 2304 accept
597 2221 764 2304 prandens
780 2224 861 2286 binas
878 2223 914 2288 ad
928 2245 973 2288 me
984 2225 1096 2286 litteras
1109 2236 1191 2298 tuas,
1215 2227 1244 2286 in
1259 2223 1380 2288 eundern

28 2291 32 2320 ¹
289 2327 309 2368 a
328 2321 358 2368 te
373 2308 538 2370 fasciculum
552 2307 714 2381 coniectas,
738 2319 767 2370 et
781 2327 872 2390 nuper
884 2310 970 2380 etiam
983 2308 1058 2370 alias
1071 2269 1209 2387 quasdarb
1220 2320 1283 2370 tuas
1296 2327 1380 2370 aeuo·

289 2407 403 2473 peram,
440 2389 493 2452 sed
522 2390 623 2488 quibus
648 2388 726 2451 alind
754 2391 826 2474 nibil
860 2394 1070 2464 ιιιιίιιιιιιιι,
1106 2410 1189 2470 quam
1221 2391 1296 2472 quod
1323 2413 1380 2472 ego

289 2477 482 2554 maximopere
496 2475 573 2534 scire
589 2474 747 2553 cupiebam,
762 2485 792 2536 te
804 2476 879 2536 istuc
894 2475 1002 2536 salvum
1014 2472 1237 2554 incolumemque
1249 2477 1378 2550 venisse,

291 2568 322 2618 et
342 2558 571 2618 commemoratio
592 2553 750 2636 quaedam
750 2569 882 2618 accurata
901 2577 1016 2630 eorum,
1038 2577 1110 2637 qnos
1125 2569 1155 2620 tu
1169 2559 1220 2618 tibi
1237 2578 1282 2622 sne
1295 2579 1381 2638 prae-

291 2641 421 2712 stitisse,
450 2658 514 2700 curn
539 2638 586 2698 bic
607 2657 720 2712 esses,
736 2637 931 2720 praedicares
975 2601 1042 2719 E³go
1062 2651 1179 2719 autem,
1202 2643 1320 2703 Sacrate
1339 2644 1381 2702 mi

254 2769 256 2772 .
291 2724 395 2802 optimc
416 2733 446 2782 et
466 2722 688 2796 humanissime,
712 2724 738 2782 si
760 2741 873 2802 negem,
897 2743 942 2784 me
957 2721 1142 2803 cupidissime
1155 2725 1315 2804 quaesiisse
1329 2745 1382 2784 oc-

292 2806 437 2866 casionem
457 2805 578 2885 aliquam
597 2804 762 2866 declarandi
781 2807 833 2866 tibi
848 2807 960 2866 mirifici
974 2807 1119 2874 cuiusdam
1135 2809 1240 2868 amoris
1258 2827 1329 2887 erga
1349 2820 1381 2870 te

290 2889 366 2961 mci,
388 2889 520 2950 mentiar.
563 2886 743 2954 Cataonia
761 2902 790 2955 ot
805 2908 880 2950 auro
885 2901 914 2951 te
923 2890 1134 2968 singulariter,
1158 2903 1187 2950 et
1198 2910 1292 2950 meum
1307 2911 1382 2970 erga

290 2982 320 3032 te
341 2932 463 3033 sludium
484 2963 537 3032 tibi
557 2973 734 3033 notissimum
755 2991 822 3034 esse
841 2993 894 3053 onp
896 2974 935 3033 io.
978 2973 1055 3034 Illud
1071 2993 1140 3034 vere
1156 2974 1296 3034 affirmare
1312 2995 1383 3072 pos·

290 3057 370 3128 som,
392 3055 464 3114 nibil
481 3053 533 3114 tibi
550 3075 595 3115 me
610 3057 794 3136 praestitisse
807 2996 916 3116 auttlla
929 3059 1032 3116 caussa
1046 3054 1172 3130 iecisse,
1193 3077 1248 3136 quo
1263 3057 1382 3118 minima

266 3159 356 3218 *pars
377 3149 426 3198 aut
445 3140 610 3198 meritorum
631 3145 704 3218 erga
726 3159 770 3200 me
790 3151 899 3199 tuorum
920 3151 969 3198 aut
987 3159 1068 3200 meae
1088 3159 1159 3232 erga
1175 3151 1206 3200 te
1223 3139 1380 3202 voluntatis

290 3220 441 3319 sdaequari
463 3232 558 3300 queat.
591 3222 702 3301 Itaque
716 3221 834 3284 videris
841 3223 924 3282 mibi
916 3239 1124 3320 'nonuunquam
1140 3236 1280 3302 quaerere
1295 3244 1381 3285 occa-

291 3305 399 3365 sionem
421 3303 601 3367 exercendae
617 3305 796 3404 eloquentiae
807 3315 875 3366 tuae
889 3306 919 3364 in'
933 3306 978 3366 eis
995 3305 1198 3406 amplificandis
1210 3316 1240 3366 ct
1252 3326 1381 3387 exagge-

292 3385 409 3460 raudis,
428 3407 503 3484 quae
524 3407 577 3467 por
589 3408 629 3448 se
634 3389 675 3448 ita
692 3390 796 3467 exifua
807 3399 838 3448 et
852 3389 948 3449 tenuia
964 3399 1048 3462 suut,
1073 3400 1104 3448 ut
1118 3391 1178 3450 vix
1183 3392 1377 3470 compareant.

221 3483 270 3531 ste
292 3469 369 3544 Quid
391 3471 465 3531 enisu
490 3471 581 3532 tibia
601 3489 646 3532 nte
673 3471 807 3532 tributum
831 3482 894 3546 est,
911 3473 949 3532 iu
966 3491 1027 3550 quo
1042 3483 1218 3550 cognoscere
1236 3475 1377 3553 potueris,

162 3577 164 3586 ¹
291 3555 386 3632 quanti
405 3565 435 3612 te
455 3553 557 3614 ias-iam
576 3566 633 3614 aut
636 3541 770 3633 quantum
783 3566 832 3615 tna
847 3575 955 3616 caussa
969 3554 1128 3634 cupiam?
1121 3577 1186 3616 cum
1202 3557 1272 3635 ipse
1270 3568 1380 3618 matra

290 3647 347 3696 tam
365 3637 461 3698 multis
475 3647 591 3715 tamque
605 3637 763 3698 illustribus
778 3639 953 3718 argumentis
968 3649 1044 3698 tuam
1055 3647 1128 3717 erge
1143 3657 1188 3699 me
1204 3639 1380 3701 voluntatem

289 3721 498 3800 perspexerim,
517 3729 549 3778 ut
570 3732 648 3780 certo
665 3722 766 3794 sciam,
780 3742 853 3782 unm
874 3731 1015 3801 quantum
1022 3722 1177 3822 plurimum
1183 3728 1303 3802 potuero
1317 3721 1380 3782 dis·

290 3821 436 3882 punxcro,
459 3821 572 3882 semper
592 3813 686 3865 tumeo
709 3765 773 3904 plnb
790 3806 897 3886 reliqui
911 3805 1009 3870 lore.
1028 3804 1100 3866 Sed
1106 3807 1269 3870 omittamus
1292 3805 1375 3868 ιιιιι.

155 3929 174 3943 ρ
288 3884 320 3945 Α
341 3885 460 3946 Tiberio
483 3896 532 3946 tuo
554 3897 662 3966 septem
682 3887 856 3970 imtuottp
848 3889 981 3968 rmcepi,
978 3885 1031 3948 ιι
1048 3889 1148 3967 quibus
1164 3908 1227 3949 amo
1243 3900 1272 3949 te
1285 3890 1378 3970 pluri-

288 3989 375 4030 mum.
419 3967 504 4066 Quod
526 3978 555 4028 to
575 3965 736 4050 quotannis
746 3972 818 4032 alia
827 3973 978 4032 missurum
1000 3971 1164 4050 polliceris,
1186 3981 1298 4050 gratnm
1317 3985 1375 4035 est.

183 4055 192 4112 ¹,
289 4049 355 4131 Ego
381 4051 476 4112 tibi
449 4053 576 4114 omisso
591 4037 860 4196 aliquiddepromp
861 4074 906 4116 um
923 4053 1080 4114 estudiis·
1068 4055 1141 4116 meis
1156 4055 1275 4118 mittam.
1317 4055 1378 4118 Pa

289 4328 338 4376 m
345 4269 427 4375 suffit.
437 4273 581 4376 ‘irssmm’
574 4283 689 4335 Musque
724 4273 761 4324 ct.
777 4211 1020 4326 belsonancum
1033 4231 1065 4327 u.
1077 4273 1108 4326 ιι.
1122 4275 1163 4327 IX.
1177 4279 1232 4328 sot
1245 4281 1272 4326 et
1284 4281 1375 4364 ¹sursus·

344 4408 397 4465 us)
413 4407 465 4457 vlt.
479 4409 534 4478 ιιιιιι.
549 4419 605 4467 m·
619 4412 650 4461 X
662 4411 717 4460 ιιι
744 4413 791 4460 1¹¹.
