2960 5070
592 237 595 242 ’
718 257 970 334 ruvuummm

531 465 645 533 tvltt.
697 465 760 529 tlt
800 461 1127 538 catulam.

379 571 475 674 Quot
496 603 583 663 nimio
604 602 707 663 faeiem
729 598 806 661 nullu
827 599 899 673 tibi,
923 593 1035 675 Gellia,
1057 607 1189 684 quaerit,

463 683 503 746 Et
524 685 602 750 ruffin
623 686 710 750 multo
731 704 836 766 eorpus
859 683 946 748 edere
966 696 1063 760 tunm,

360 769 444 832 ‘liae
464 770 573 830 ratione
594 769 662 828 mibi
685 765 778 828 eredis
799 778 829 827 te
849 788 935 846 posse
955 767 1102 848 plaeere,·

461 849 643 930 Cererisque
663 851 714 911 illa
733 869 780 912 me
799 852 925 912 retinere
944 853 1002 912 vla.

337 942 358 997 n
379 935 494 1012 Quaere
514 935 608 1006 alios,
630 937 687 996 into
710 935 758 1012 qui
779 929 956 996 delectentur
975 955 1090 998 amores

463 1017 626 1080 Persouatt
644 1016 716 1078 mibi
732 1016 812 1078 nulla
831 1017 926 1097 puella
945 1017 1057 1098 planet,

369 1183 376 1198 '
412 1216 496 1279 nux.
547 1213 767 1279 ennunro
796 1212 994 1279 conare
1015 1213 1273 1284 camenae.

380 1337 462 1428 Cum
483 1363 532 1426 aa
548 1366 626 1427 murs
646 1385 748 1438 rosas,
771 1383 835 1424 enm
858 1361 906 1424 aar
927 1364 980 1423 rtet
1001 1363 1080 1437 uitta,
1103 1361 1225 1440 cranao,

464 1448 536 1510 Cum
548 1447 606 1511 ,alet
626 1458 705 1510 serta
723 1446 775 1508 tibi
795 1447 876 1506 enine
896 1447 985 1526 ligatu
1007 1466 1077 1518 sno,

380 1531 454 1594 Cum
475 1543 505 1594 te
526 1533 683 1618 respiciens
704 1532 830 1614 suspiret
851 1540 968 1608 pectore
988 1530 1024 1594 ab
1044 1532 1120 1609 imo,

463 1614 581 1676 Annuat
600 1615 710 1694 argutis
730 1632 794 1674 oum
815 1613 869 1673 tibi
891 1612 1061 1686 luminibus,

340 1704 361 1759 b
382 1696 516 1778 Denique
538 1717 600 1758 oum
620 1698 720 1776 quovis
741 1697 832 1756 solnm
853 1706 882 1755 te
904 1696 965 1755 sola
986 1705 1154 1774 sequatur,-

465 1779 704 1844 continentiae
727 1781 790 1862 quis
812 1799 870 1839 non
891 1779 1028 1839 ulteriora
1049 1779 1158 1860 quenti

1134 1865 1145 1898 0

555 1977 624 2040 tx.
676 1975 738 2044 IN
780 1971 1126 2042 Romanum,

381 2079 463 2172 Cum
485 2129 599 2171 somnus
620 2109 711 2190 pigris
735 2109 783 2170 vix
804 2107 868 2171 (lum
891 2120 937 2170 est
958 2127 1096 2170 exeussus
1119 2112 1239 2185 ocellis,

333 2227 336 2234 ·
464 2193 561 2274 Atque
582 2212 683 2254 reeens
705 2203 769 2252 orto
790 2193 884 2273 pluma
904 2191 1093 2266 rollandis,

380 2277 521 2339 Inclamas
542 2276 629 2337 multo
649 2293 783 2356 puerum,
805 2276 955 2347 Romane,
978 2276 1082 2349 boatu,
1191 2295 1194 2300 ·
1254 2327 1269 2340 ,

465 2359 528 2420 Ora
547 2361 690 2420 lavaturas
712 2359 760 2437 qni
780 2358 832 2418 tibi
854 2368 950 2439 porta
971 2377 1076 2437 aquas:
1109 2383 1112 2390 ·
1152 2418 1155 2426 ,

342 2443 463 2506 suune
484 2454 513 2503 et
533 2443 665 2521 gingivas
684 2442 772 2502 multo
792 2441 853 2502 sale
876 2440 1088 2521 sesquipedales

467 2525 603 2598 Proluis,
628 2536 658 2585 et
678 2536 775 2604 guttur
795 2535 895 2602 terque
914 2536 1069 2604 quaterque
1090 2535 1178 2586 tunm.

141 2615 156 2629 '
239 2621 288 2669 tos
383 2608 462 2672 Esse
482 2607 549 2688 qnid
568 2601 622 2667 boe
643 2605 755 2680 (licam,
778 2606 852 2685 qnotl
874 2627 937 2667 oum
959 2618 1016 2666 tarn
1040 2627 1125 2688 saepe
1147 2610 1276 2682 lavetur,

467 2691 618 2771 Nunquam
636 2710 693 2750 nnn
714 2701 807 2750 tamen
829 2700 875 2750 est
893 2688 1010 2750 sordida
1031 2692 1130 2771 lingua
1149 2692 1225 2752 nbi?

481 2886 565 2952 LXI.
610 2887 645 2954 12.
674 2886 860 2953 tacete
890 2887 1197 2956 cntmtucttto.

383 3002 481 3092 Tune
502 3051 565 3091 meo
587 3030 662 3091 elabi
684 3031 778 3110 possis
799 3029 836 3092 «le
857 3041 992 3110 peotnro,
1005 3028 1120 3104 ¹Laeni,

326 3126 329 3131 ’
466 3111 528 3174 Aut
549 3133 621 3192 ego,
645 3112 709 3173 dum
735 3115 845 3185 vivam,
870 3134 925 3172 non
947 3115 1110 3175 meminisse
1130 3115 1196 3176 ttri'l

323 3221 326 3238 ·
383 3196 461 3258 Ante
481 3197 526 3256 vel
548 3197 630 3255 istius
652 3195 745 3254 munuli
764 3215 901 3276 compage
923 3198 1033 3270 soluta,

467 3280 571 3341 Tetras
593 3281 623 3338 in
644 3280 786 3357 antiquum
811 3281 850 3338 sit
871 3278 995 3340 reditura
1019 3279 1126 3342 Chaos.

341 3368 364 3422 li
385 3362 462 3437 Quin
481 3361 571 3434 mibi,
592 3382 654 3424 enm
676 3361 817 3423 Lachesis
839 3382 962 3423 summos
984 3365 1147 3446 pernoverit
1165 3385 1274 3438 annos,

467 3445 577 3506 Nostra
598 3466 698 3521 sonum
719 3447 848 3506 referent
868 3449 990 3508 nominis
1011 3469 1079 3508 ossa
1099 3447 1152 3508 tri.

520 3643 619 3709 LXII.
670 3643 1149 3712 tmttttnttmtttm.

467 3743 615 3836 lambiens
637 3779 700 3837 sine
722 3778 788 3856 lege
811 3777 955 3840 Grunnius
974 3778 1059 3838 innita

468 3857 613 3921 Miraris?
634 3861 697 3941 ipse
717 3861 782 3940 lege
804 3861 947 3921 Grannius
969 3872 1058 3921 earet.

469 3941 613 4002 Fraudem
636 3945 695 4004 suis
719 3944 793 4003 idem
814 3944 918 4004 inserit
939 3946 1096 4024 pomnmis:

427 4040 432 4049 “
472 4025 593 4086 Miraris
601 4027 617 4085 ‘l
644 4028 706 4107 ipse
727 4024 827 4087 fraude
848 4029 911 4090 sine
929 4029 999 4086 lbeit
1018 4027 1110 4088 nihil:

470 4106 609 4188 Adeoque
632 4113 657 4170 si
679 4109 746 4194 quil
765 4109 865 4170 irantle
886 4129 1001 4172 vaenum
1023 4111 1252 4189 unqunnsaoit,
1281 4111 1286 4124 ‘

315 4271 320 4278 Ι
471 4189 511 4252 Ut
529 4192 641 4256 fraudet
663 4195 875 4277 exspectatione
895 4195 989 4268 alios,
1012 4195 1091 4256 iacit.

872 4563 875 4570 r
