2934 5070
468 250 830 356 onuaunnmnn
953 325 1007 358 „-
1149 289 1215 360 ns
1280 289 1288 358 i
1346 239 1348 244 ’

16 517 55 606 i.¹',²
94 557 180 614 ego,
205 541 260 616 (ptri
282 540 388 598 nemini
408 537 518 598 adulari
530 537 565 613 *)
585 537 676 610 solaco,
699 541 754 599 mei
775 539 925 600 dissimilis
939 541 1032 600 fnisse
1046 553 1167 602 autina
1182 553 1213 602 ic

16 591 52 741 ff
93 621 167 728 apso
182 619 506 684 aeneasannos.
530 620 751 685 veramne.
768 621 839 684 xv.
853 619 919 684 mr.
936 623 1000 684 run.
1015 623 1210 687 nntxxv.

16 761 50 908 ll
94 849 194 914 xxr.
222 849 294 913 ιιι.
321 848 496 911 mromr
521 845 685 920 nonum
703 845 786 912 eno
809 849 968 913 rounam
992 835 1281 916 nrrsoomo'es
1339 801 1340 806 Ν

22 933 45 996 n
89 995 94 1002 .
137 949 348 1015 mmrrmu
374 947 626 1032 mnirrunsrs
649 947 799 1010 maeno
826 948 1040 1013 mnorsmo
1071 951 1171 1018 aas
1252 999 1256 1004 ,
1323 963 1324 972 ι

16 1041 49 1165 p
146 1083 150 1090 -
260 1033 399 1126 iture)
426 1046 485 1108 nn
512 1045 761 1148 onnoommu
782 1045 929 1122 muse.
955 1051 994 1110 o.
1017 1051 1063 1112 m.

16 1211 47 1255 pp
96 1151 279 1264 Sapienter
292 1203 310 1242 a
322 1179 467 1243 veteribus
482 1180 641 1240 institutum
656 1191 712 1252 est,
731 1191 763 1240 nt
778 1201 841 1242 cnm
855 1184 975 1262 primum
993 1181 1131 1246 Pontifex
1145 1183 1212 1262 Ma-

26 1261 40 1337 n}
96 1271 201 1329 nimus
227 1266 399 1346 amplissimi
420 1259 530 1324 ordinis
552 1263 698 1341 suffragiis
721 1261 882 1328 declaratus
904 1277 1000 1339 esset,
1026 1279 1160 1328 oratores
1174 1267 1212 1328 ad

16 1375 43 1423 nr:
98 1371 169 1411 cnm
199 1371 242 1412 cx
264 1349 394 1409 omnibus
416 1345 494 1408 orbis
519 1339 679 1408 Christiani
702 1347 847 1425 partibus,
872 1369 927 1411 non
950 1361 1056 1412 tantum
1075 1352 1162 1423 officii
1181 1341 1214 1412 ct'

19 1437 45 1508 ip*
99 1434 330 1514 gratulationis,
354 1429 406 1492 sed
420 1431 536 1490 honoris
552 1440 581 1488 et
593 1431 786 1490 venerationis
803 1451 917 1502 caussa,
933 1433 1046 1512 publice
1065 1435 1211 1494 mitteren-

98 1532 161 1578 tur.
212 1517 307 1578 Simul
322 1517 396 1576 enim
411 1525 441 1574 et
454 1513 589 1594 potestati
605 1511 671 1573 Deo
686 1515 716 1572 in
731 1515 818 1574 terris
832 1515 978 1594 proximae
994 1517 1105 1577 debitus
1119 1518 1212 1581 honor

101 1599 267 1662 exhibetur
275 1613 297 1672 ,¹
311 1609 340 1659 et
359 1618 473 1668 eorum,
496 1617 514 1656 a
531 1596 631 1676 quibus
647 1597 690 1655 illi
707 1597 871 1670 mittuntur,
895 1601 1005 1660 animus
1022 1599 1057 1660 ad
1071 1589 1210 1680 imperalia

101 1683 247 1744 facienda
266 1693 411 1762 promptus
433 1700 467 1740 ac
487 1689 603 1760 paratus
627 1679 802 1762 ostenditur:
828 1693 858 1742 ct
874 1683 935 1742 sive
952 1682 1007 1762 ipsi
1028 1685 1142 1762 insigne
1156 1686 1210 1744 ali·

16 1767 48 1786 '¹'
102 1766 184 1848 quod
206 1767 376 1828 beneficium
395 1765 431 1824 ab
450 1765 503 1824 hac
525 1773 630 1838 sancta,
642 1761 717 1824 Sede
737 1778 924 1844 acceperunt,
947 1768 1141 1832 seu³vicissim
1157 1769 1211 1828 ali·

21 1872 39 1932 [J
102 1849 178 1932 quid
200 1849 388 1910 memorabile
407 1868 459 1928 pro
480 1845 557 1906 illius
581 1843 852 1926 defensionemque
872 1850 1089 1928 amplificatione
1108 1871 1211 1928 gesse-

103 1946 194 2008 runt,
217 1953 317 1994 eorum
337 1933 460 1992 omniunt
472 1929 619 1990 'memoria
637 1943 794 2008 opportuna
811 1934 1076 1994 commemoratione
1090 1938 1211 1994 renota-

104 2029 166 2079 tur.
215 2017 344 2092 Quarum
363 2016 484 2074 omnium
498 2033 594 2072 rerum
609 2031 712 2072 caussa
728 2033 790 2074 cum
805 2013 841 2072 ad
855 2025 895 2087 te,
919 2015 1093 2076 Beatissimo
1106 2017 1208 2088 Pater,
1329 2091 1331 2095 ,

104 2101 156 2161 hie
170 2102 219 2161 vir
240 2100 381 2170 illustris,
405 2097 504 2178 Scipio
528 2095 667 2167 Aiaccia,
693 2097 776 2156 miles
791 2097 1091 2180 Hierosolymitauus‚
1114 2101 1150 2160 ab
1162 2099 1210 2158 lo·
1287 2157 1291 2174 „

16 2217 37 2252 a.
104 2184 206 2245 banne
227 2175 401 2264 Episcopio,
423 2199 524 2258 magno
545 2179 607 2238 eius
630 2177 739 2240 ordinis
765 2179 931 2258 Magistro,
953 2165 1106 2244 nnilersae
1130 2183 1209 2242 illius

16 2302 35 2336 n
104 2269 357 2328 nobilissimorum
376 2285 410 2325 ac
428 2263 649 2323 fortissimorum
667 2261 808 2323 hominum
825 2263 985 2340 sodalitatis
1002 2267 1115 2326 nornine
1129 2267 1211 2344 legn-v

21 2397 34 2422 a„
105 2363 154 2412 tus
177 2352 241 2422 sit3
263 2349 347 2428 isque
367 2366 412 2410 me
428 2347 606 2426 potissimum
623 2343 782 2424 delegerit,
806 2348 887 2408 cuius
904 2368 990 2428 opera
1007 2347 1145 2408 hodierno
1161 2347 1210 2410 die

106 2434 145 2496 ad
171 2435 231 2494 lroc
255 2452 354 2492 munus
375 2427 533 2490 obeundum
554 2439 698 2490 uteretur:
725 2450 831 2510 quaeso
846 2441 893 2502 ie,
916 2429 1090 2492 Beatissimo
1104 2431 1206 2504 Pater,
1300 2431 1309 2444 “

16 2557 26 2581 a
62 2517 64 2522 ’
107 2519 207 2578 tribue
233 2518 304 2588 hoc,
326 2536 381 2576 non
404 2513 490 2585 miii,
513 2533 531 2572 a
552 2532 607 2592 quo
627 2513 698 2572 nihil
721 2515 804 2574 huius
829 2513 886 2575 loci
903 2516 1074 2576 auctoritate
1092 2513 1208 2593 dignum

106 2601 261 2682 expectari
285 2609 397 2679 potest,
422 2595 474 2656 sed
497 2595 540 2655 illi
564 2597 793 2676 spectatissimae
815 2598 931 2658 virtutis
950 2598 1076 2658 virorum
1098 2599 1206 2671 coetui,

18 2726 24 2758 3
107 2697 157 2758 ut,
183 2681 297 2764 quando
320 2683 377 2761 ipsi
401 2681 486 2740 toties
505 2681 744 2762 nostraomnium
760 2699 863 2744 caussa
876 2681 1006 2743 tubarum
1023 2702 1057 2741 ac
1074 2683 1208 2742 lituorum

16 2773 27 2844 g
109 2770 239 2829 sonitum
257 2767 368 2826 alacres
389 2761 557 2836 audieruut,
580 2763 642 2821 cius
659 2783 769 2842 quoque
787 2765 835 2842 qui
855 2785 985 2834 caussam
1002 2764 1114 2827 illorum
1129 2777 1208 2826 actu-

85 2871 160 2912 ¹rus
176 2861 242 2922 cst,
265 2850 358 2910 oratio
376 2868 432 2907 uon
449 2846 546 2905 invitis
563 2844 664 2906 animis
683 2845 841 2908 erudiatur.¹
870 2848 1088 2928 Speroantem‚
1115 2867 1207 2928 neque
1227 2857 1276 2908 599
1389 2865 1395 2877 ¹

16 2941 28 3011 i:
108 2937 164 2996 tibi
180 2952 274 3012 neque
290 2931 356 2991 huic
372 2929 608 3010 amplissimorum
624 2927 744 2991 Patrmn
762 2925 910 2991 conses‘sui
932 2931 1113 2992 iniucundum
1130 2932 1205 3004 fore,
1305 2934 1307 2940 ’

19 3059 25 3093 ;,
109 3021 137 3079 si
163 3017 294 3078 breviter
325 3032 501 3094 exposuero,
518 3022 562 3085 ‚et
585 3011 686 3090 quihus
709 3011 744 3072 de
768 3014 879 3072 caussis
902 3011 973 3076 haec
995 3027 1093 3076 sancta
1116 3015 1209 3076 Sedes
1283 3050 1285 3056 ‚
1341 3019 1343 3036 '

18 3155 22 3178 ,h
109 3103 269 3181 praecipua
290 3097 409 3178 quadam
431 3095 550 3156 caritate
571 3095 675 3162 milites
697 3096 978 3178 llie‘rosolymitanos
994 3099 1144 3178 complecti
1160 3097 1210 3158 de·

16 3229 23 3263 ι
110 3185 191 3258 beat3
215 3193 245 3242 et
267 3201 336 3261 quas
353 3182 420 3242 item
434 3179 470 3262 alp
485 3197 601 3238 caussas
616 3179 658 3238 illi
676 3181 856 3264 praecipuam
875 3179 1021 3260 qnamdam
1038 3201 1116 3260 spem
1132 3201 1210 3242 com-

17 3315 24 3346 p
110 3267 261 3350 modorum
284 3275 368 3344 atque
392 3273 619 3339 ornamentorum
640 3282 755 3324 suornm
776 3263 806 3322 in
826 3273 875 3322 tua
896 3265 1024 3324 bonitate
1043 3283 1076 3324 ac
1098 3265 1210 3326 iustitia

110 3343 267 3436 collocare.
287 3363 290 3368 ’
311 3349 407 3426 Atque
431 3346 538 3406 utinam
555 3363 591 3404 ea
611 3346 640 3405 in
662 3365 707 3406 me
721 3345 832 3416 dicendi
850 3347 894 3408 vis
912 3367 945 3408 ac
958 3350 1040 3427 copia
1058 3359 1155 3420 essct,
1178 3359 1210 3408 ut

111 3425 213 3495 corum
236 3433 338 3517 merita
359 3449 473 3510 resque
486 3429 634 3511 praeclare
652 3440 751 3508 gestas
770 3431 900 3492 oratione
916 3449 1056 3492 exornare
1072 3451 1206 3512 possem:
1269 3425 1279 3447 ’

171 3628 206 3684 e)
222 3626 260 3674 cr.
274 3628 329 3675 aun.
344 3628 399 3674 vu.
415 3630 433 3674 1.
448 3635 504 3683 pag.
519 3626 574 3680 aaa.
588 3629 652 3674 exn.
679 3629 724 3674 nn
787 3595 791 3602 ’

169 3699 223 3756 stt)
238 3700 345 3746 uitulum
358 3699 407 3754 ipsi
421 3699 536 3754 fecimus,
552 3703 580 3746 ut
593 3699 650 3754 quio
664 3699 700 3744 rei
715 3703 790 3757 essct,
805 3699 917 3748 continuo
931 3703 1008 3748 lector
1022 3694 1087 3748 vicie
1123 3713 1129 3746 :
1144 3699 1209 3750 idem

112 3758 138 3803 in
152 3757 263 3812 sequenti
277 3757 448 3811 praestitimus.
477 3756 577 3802 mutilas
590 3759 636 3801 iras
651 3755 676 3801 in
691 3759 811 3807 codicibus
825 3759 923 3816 nostris,
937 3770 1010 3806 manu
1025 3761 1105 3804 Mutet
1129 3759 1209 3813 ipsius

113 3815 218 3869 scriptas
233 3814 381 3869 reperimus,
397 3814 445 3858 etsi
460 3814 550 3868 pagina
563 3812 663 3868 impieta
677 3825 725 3858 non
740 3818 820 3871 esset,
837 3817 864 3860 ut
878 3815 938 3861 ninii
953 3817 1062 3862 dubitare
1076 3815 1223 3872 possimus»

16 3881 19 3924 s
113 3883 130 3918 a
151 3871 277 3916 'scribendo
298 3881 411 3916 cessasse
425 3873 559 3927 Marcium,
582 3882 631 3916 nou
645 3882 706 3916 vero
721 3883 775 3916 cum
788 3871 929 3926 scripsisset
943 3873 1046 3920 aliorum
1059 3871 1209 3928 negligentia

16 3934 20 3982 ’ζ
82 3955 86 3962 -
113 3927 243 3972 interilsse.
272 3927 339 3972 vluit
352 3925 457 3972 fortasse
471 3931 558 3982 postea
571 3925 627 3973 usui
640 3938 689 3972 non
702 3926 804 3988 intutas,
820 3927 893 3982 atoue
906 3927 960 3977 idco
976 3941 1037 3986 opus
1051 3940 1122 3976 suum
1136 3929 1210 3974 uimi—
1260 3979 1268 3992 .

18 3991 19 3998 ¹
113 3985 154 4030 sit.
191 3983 290 4037 Quando
310 3986 372 4030 naec
391 3984 457 4038 prior
476 3983 568 4037 scripta
588 3981 633 4041 sit,
656 3985 794 4030 coniectura
813 3985 913 4040 assequi
925 3997 1062 4042 possumus.
1098 3989 1161 4032 Nam
1175 3995 1210 4032 ex
1303 3984 1307 3994 '

113 4040 223 4085 oratione
237 4041 326 4085 Mureti
340 4040 517 4106 eiusdemvol.
531 4042 561 4084 Π.
577 4043 637 4086 orat.
653 4041 691 4086 tc.
705 4042 758 4097 [st.
774 4041 819 4096 it.)
834 4041 859 4086 ln
873 4041 957 4088 funere
971 4043 1049 4096 ipsius
1064 4040 1143 4100 (licta,
1159 4045 1206 4086 ira-
1281 4087 1285 4110 Ι

16 4103 17 4132 1
115 4100 198 4142 nemus
213 4105 235 4140 e.
252 4095 320 4142 itit.
337 4095 398 4152 pua.
413 4099 465 4144 cal.
479 4099 538 4154 rein
552 4105 665 4150 magnum
678 4097 820 4152 nugonem
834 4099 937 4154 iictmu3
952 4110 1000 4144 non
1015 4109 1072 4153 ergo
1088 4099 1125 4154 [si
1138 4109 1207 4144 mor·

115 4153 148 4200 tis
169 4153 241 4198 etlam
261 4155 356 4208 tempus
377 4153 529 4208 spectemus)
550 4153 593 4198 alii
615 4164 686 4208 uuam
706 4155 821 4210 Gregorio
841 4155 905 4201 x111.
927 4156 1060 4201 orationem
1080 4157 1143 4200 hanc
1160 4155 1210 4205 ilici
1298 4168 1299 4171 ¹

16 4231 17 4236 =
115 4212 180 4254 tretia
196 4209 284 4264 potuit3
299 4212 453 4264 quemobrem
466 4209 552 4257 eodem
567 4220 630 4254 auno
647 4209 716 4256 teta.
731 4223 779 4265 ouo
794 4212 925 4266 Gregorius
939 4211 1054 4258 Pontifex
1068 4215 1107 4256 est
1118 4223 1209 4259 renun-

115 4265 198 4322 tiatus,
214 4265 274 4320 prid.
289 4266 322 4311 iti.
338 4267 398 4311 Maii
413 4265 620 4320 nortmannum.
650 4267 863 4322 elegantissimam
877 4279 930 4313 cem
943 4281 1002 4314 esse
1015 4279 1044 4314 ae
1060 4269 1206 4322 huiusmodi,

59 4345 61 4352 ·
115 4327 143 4368 ut
157 4323 246 4368 Mureti
259 4333 355 4366 manum
370 4333 502 4377 agnoscere
516 4321 587 4367 iaofle
602 4325 695 4377 pessit,
711 4324 845 4379 quicunque
860 4335 914 4370 eam
928 4327 994 4380 leget
1008 4325 1129 4372 iudicabit.
1155 4327 1208 4372 La-

16 4379 17 4388 *
116 4391 171 4426 zea.
187 4401 215 4414 ···
242 4380 438 4468 i'ialitriutipsn.
454 4379 554 4436 praefat.
569 4391 624 4436 pag.
639 4383 741 4439 XV.sr1.
758 4382 811 4438 [et.
827 4394 859 4446 m.
873 4383 1014 4442 Xiivssn)
1044 4387 1088 4430 its.
1161 4393 1163 4396 ·
