2980 5074
543 245 681 351 urtst
699 223 793 316 etv.¹
850 283 855 290 -
982 343 987 356 .
1160 249 1227 322 noe
1290 231 1297 238 ”

42 454 49 465 ›
125 415 175 497 qui
194 415 280 488 telem
302 425 331 478 et
352 415 474 477 emieum
497 424 526 478 et
537 416 667 480 uicinum
681 413 808 499 babeas,
831 425 862 480 et
880 412 1013 499 (detyoip
1029 411 1155 501 rdtqbq'
1169 417 1225 483 tt-

123 497 204 582 yer)
225 496 394 559 subinvideo
408 497 499 574 'vobis
522 499 607 558 istem
624 511 746 560 mutuam
763 497 1012 560 consuetudinem:
1038 501 1063 559 si
1082 499 1137 562 boe
1151 505 1225 569 invi·
1261 528 1269 537 ·'
1313 511 1327 573 .’

31 621 32 626 1
125 583 198 644 dere
211 593 272 654 est,
296 579 413 653 dolere,
436 603 491 641 non
508 581 582 660 quod
601 584 667 644 eliis
687 581 761 644 bene
775 586 825 657 sit,
849 581 900 642 sed
915 581 989 665 quod
1003 595 1032 644 tu
1048 603 1158 664 quoque
1175 593 1224 647 eb·
1283 641 1286 648 .

29 703 31 744 t
124 666 192 728 dem
212 664 287 726 bono
304 665 361 725 frui
382 685 439 726 uon
458 685 558 744 quous.
600 665 701 741 Quos,
724 664 807 746 Deus
827 665 919 739 boue,
940 675 1054 748 oportet
1074 687 1140 729 esse
1156 689 1224 730 eon·
1314 735 1316 740 ,

28 753 31 784 ¹
123 769 245 830 gressus
274 748 404 808 vestros!
435 768 506 827 quus
536 749 700 810 sermones!
743 769 823 830 quem
848 747 935 810 multe
957 745 1113 813 noitttuoil
1141 771 1224 831 quem

28 901 29 904 Ἴ
122 834 214 894 multe
237 830 272 892 de
295 832 482 910 antiquitate,
506 829 541 894 de
560 832 722 894 mitioribus
742 833 869 905 studiiss
886 831 922 892 de
944 833 1076 894 omnibus
1102 829 1224 916 denique

26 913 29 978 i
122 915 256 997 pertibus
277 918 334 995 τῆς
355 914 551 998 φιλολογίαςῑ
572 915 688 976 Utinam
703 915 912 994 mibiueetigie
928 929 1026 978 ventre
1041 916 1176 996 subsequi
1194 930 1256 980 etv
1311 990 1315 998 .

25 1035 27 1058 ÷
123 1011 242 1080 ouptnre
259 1016 406 1058 sermones
422 1011 533 1060 vestros
546 999 664 1060 liceret!
683 1000 876 1080 quammulta,
893 1017 969 1078 qnae
980 1001 1062 1060 robis
1076 998 1221 1075 excidunt.
1292 990 1312 1020 ⁴*

24 1091 27 1138 ,’
124 1083 324 1160 suble'gereml
346 1094 449 1160 quanto
463 1081 588 1162 quotidie
602 1081 714 1143 doctior
725 1081 835 1158 domem
849 1081 1097 1158 redirelenod
1109 1083 1221 1163 quondo
1280 1153 1289 1166 .

122 1187 181 1226 non
200 1164 302 1225 detur:
333 1175 364 1224 et
384 1176 414 1224 tu
431 1185 476 1225 me
493 1163 653 1239 interdurn,
683 1185 737 1248 qua
760 1168 846 1240 lieet,
877 1185 1038 1226 sermonum
1060 1175 1242 1228 vestrornm'

121 1248 292 1331 participem
308 1248 414 1320 incito,
438 1260 469 1308 et
484 1247 514 1307 id
534 1248 597 1322 tibi,
623 1269 685 1310 eum
706 1250 793 1310 ouon
809 1251 877 1322 erit,
902 1248 1047 1310 se'ribendi
1061 1249 1096 1310 ed
1111 1269 1157 1309 me
1173 1271 1222 1310 er·

21 1403 22 1406 Ἴ
121 1342 286 1412 gumentunn
301 1332 416 1394 sumito.
461 1330 521 1392 Sed
534 1332 604 1404 noli,
628 1343 786 1412 quaesote‚
809 1332 928 1410 delicies
944 1333 1043 1393 lacere
1059 1343 1088 1393 et
1106 1331 1215 1406 dicere,
1253 1384 1260 1400 „

121 1416 177 1476 tibi
198 1425 333 1494 perpetuo
354 1433 415 1474 rem
440 1434 506 1475 esse
525 1434 589 1476 eum
607 1414 752 1488 Bertolis,
774 1415 874 1476 Beldis
897 1417 1059 1496 ceterisque
1078 1417 1224 1478 eiusmodi
1313 1416 1318 1426 ’

121 1498 288 1559 infelicibus
309 1497 469 1576 capitibus,
491 1494 612 1576 ideoque
630 1500 722 1558 minus
740 1499 829 1580 polite
848 1497 995 1580 seribere:
1011 1517 1083 1558 *eum
1097 1519 1133 1560 ee
1145 1502 1221 1560 sori·⁴

120 1582 197 1654 bes,
223 1599 294 1661 quue
309 1580 377 1640 mibi
392 1580 505 1660 quidem
524 1580 656 1642 Athenas
673 1582 751 1662 ipses
760 1625 773 1655 ,
795 1581 963 1664 Hymettum
978 1583 1070 1662 ipsum
1086 1581 1221 1644 redolere

122 1664 285 1728 videantur.
331 1663 411 1738 Ques
427 1664 480 1723 tibi
498 1662 589 1724 videri
608 1677 718 1744 oportet
734 1667 872 1745 epistolas
888 1683 988 1737 mete,
1013 1685 1082 1746 ques
1098 1675 1218 1744 egone-

123 1767 180 1828 que
194 1760 311 1828 pectere
326 1766 448 1826 unquam
470 1766 562 1826 neque
576 1767 701 1821 comere,
720 1752 746 1808 si
761 1768 859 1810 verum
875 1749 931 1820 vis,
956 1767 992 1808 ue
1011 1749 1143 1828 relegere
1156 1749 1219 1828 qui-

122 1832 187 1892 dem
209 1831 308 1892 soleo:
329 1831 355 1890 si
382 1842 448 1890 tune
470 1830 523 1890 tibi
547 1831 637 1890 minus
657 1833 752 1892 eultee
774 1811 931 1892 videditur?
960 1830 1062 1892 Ludis
1078 1842 1172 1892 tomen
1189 1843 1220 1892 et

94 1919 101 1928 “
120 1915 220 1978 vereri
232 1925 261 1974 te
277 1915 331 1986 eis,
354 1934 390 1974 ne
402 1913 589 1976 'verbosiores
604 1914 672 1974 sint.
718 1914 809 1990 Quasi
823 1936 879 1975 non
894 1933 948 1994 ego
963 1913 992 1974 id
1001 1916 1096 1975 multo
1113 1915 1217 1976 iustius

121 2009 251 2060 metuere
275 1995 413 2073 debeam,
446 1997 494 2076 qui
514 1996 551 2056 ed
568 2009 617 2070 te,
634 1997 725 2058 telem
744 2000 855 2070 virum,
888 1997 1020 2077 quiequid
1037 1998 1067 2057 in
1088 1997 1215 2070 bueeam,
1250 2053 1255 2056 .
1321 2020 1329 2072 χ

122 2081 253 2142 seribere
267 2080 375 2141 uudeo:
400 2099 556 2161 quanquam
572 2080 655 2140 buius
670 2081 713 2141 rei
731 2082 840 2160 eulpam
856 2091 885 2140 tu
900 2081 1046 2152 sustines,
1070 2081 1116 2160 qui
1133 2079 1216 2139 iubes

121 2185 168 2228 me
186 2163 364 2242 longitudine
381 2164 481 2223 saltem
501 2163 660 2226 litterarum
677 2173 769 2224 tecum
783 2165 864 2242 perit
880 2164 987 2223 faeere.
1033 2162 1128 2238 Quid,
1154 2183 1217 2222 eum

122 2247 269 2310 scribendi
286 2259 480 2324 argumentum
495 2247 601 2306 nullum
618 2245 685 2308 est‘l
705 2249 952 2326 Dt'eotorpotzits,
974 2242 1029 2308 τὸν
1045 2242 1216 2324 δ’ἆπαμιι-

120 2328 270 2412 dilueres,
299 2333 341 2390 eit
364 2330 510 2409 Hispanus
531 2328 673 2411 podte.*)
722 2329 862 2409 Egoque,
893 2329 1004 2409 quando
1026 2330 1067 2389 itn
1092 2340 1122 2389 te
1140 2329 1216 2390 velle

119 2414 227 2488 video,
251 2407 293 2472 ite
307 2413 390 2494 plane
406 2413 528 2486 faeiem,
552 2424 583 2472 et
599 2412 732 2484 chartus,
756 2423 788 2472 ut
803 2414 899 2474 iecere
914 2432 959 2472 me
974 2410 1067 2484 vides,
1091 2411 1220 2473 onerabo
1311 2405 1315 2446 '⁵
1341 2425 1348 2441 *

120 2499 207 2578 nugis
223 2498 329 2577 petius,
347 2516 428 2576 quem
443 2497 495 2555 tibi
513 2497 636 2556 animum
648 2517 704 2556 non
718 2497 857 2576 expleam.
900 2494 964 2558 Nos
978 2495 1026 2556 bie
1042 2505 1139 2556 omnes
1153 2493 1218 2556 sns-
1272 2535 1281 2556 e

120 2601 213 2664 penso
239 2581 472 2652 enimomnes,
502 2577 748 2660 propterea-quod
768 2579 902 2640 Pontifex
924 2579 977 2640 sub
1002 2579 1086 2638 linem
1109 2580 1216 2640 mensis
1302 2619 1305 2622 -

120 2664 235 2745 Aprilis
258 2663 416 2723 Bononiam
439 2659 623 2741 cogitet.**)
667 2661 753 2738 Quod
770 2664 800 2722 si
815 2664 890 2735 erit,
912 2661 959 2740 (et
969 2673 1049 2722 certe
1064 2663 1162 2740 opinio
1172 2671 1217 2722 est
1265 2725 1269 2736 ,

122 2744 216 2827 lore,)
239 2765 311 2826 quae
327 2746 438 2807 Rornae
454 2746 519 2807 vite·
530 2748 626 2807 lutura
640 2747 691 2819 sit,
705 2765 848 2807 veremur.
891 2744 958 2823 Ego
976 2745 1028 2804 snb
1043 2744 1110 2804 lini.
1126 2745 1215 2804 Iulias

122 2831 257 2893 abdicere
282 2849 326 2890 me
342 2829 395 2888 hoe
414 2827 533 2890 docendi
554 2849 671 2890 munere
687 2826 805 2907 eogito'u
826 2831 882 2888 etsi
900 2849 955 2888 non
968 2829 1018 2888 liet
1030 2827 1086 2888 hoe
1097 2829 1160 2888 sine
1174 2827 1218 2886 lu·

123 2914 237 2976 euleuta
258 2915 434 2974 fortunarum
454 2932 579 2974 mearum
603 2911 807 2972 deminutione.
857 2909 1009 2973 Decedent
1031 2912 1105 2970 enim
1129 2911 1214 2970 annui
1228 2921 1275 2968 tlt

121 2999 199 3058 numi
214 2997 294 3058 aurei
310 2997 495 3076 septingenti.
539 2993 598 3056 Sed
613 2997 683 3055 tenti
699 3006 744 3056 est
758 2995 856 3056 otiari.
898 2994 1048 3072 supererit
1063 3004 1154 3054 tamen
1172 2994 1214 3050 sie

122 3100 245 3162 quoqne,
268 3081 342 3140 ende
353 3081 426 3140 metz·
437 3081 564 3152 multuo,
585 3090 617 3138 ut
630 3079 682 3138 ille
696 3078 749 3150 eit,
759 3076 838 3158 eso)
851 3080 947 3138 lueeot
960 3075 1131 3157 egnesoous.
1174 3066 1217 3134 Et

61 3197 64 3213 ι
122 3163 198 3246 quod
221 3173 353 3224 senectus
375 3164 544 3226 attentiores
566 3161 601 3222 nd
622 3181 682 3222 rem
704 3161 801 3222 lucere
821 3159 942 3222 dicituro
966 3161 1016 3220 illa
1039 3179 1108 3220 vero
1127 3176 1173 3218 me
1186 3158 1217 3218 in
1258 3225 1261 3228 ,

123 3247 186 3310 dies
210 3247 447 3326 negligentiorem
469 3246 547 3306 iecit.
592 3245 653 3306 Otii
677 3242 795 3326 cupidus
815 3263 893 3304 snm:
925 3241 961 3304 ed
983 3241 1055 3328 quod
1079 3243 1105 3302 si
1127 3239 1218 3302 semel

84 3339 88 3350 ’
121 3331 275 3413 pervenire
290 3341 426 3409 potuero,
450 3329 523 3389 nibil
539 3330 609 3391 tenti
624 3329 693 3401 erit,
714 3338 745 3390 ut
759 3343 804 3388 me
817 3327 853 3387 ab
868 3346 903 3388 eo
921 3327 1007 3387 evelli
1021 3325 1124 3404 petier.
1144 3323 1216 3382 ἱΝοε-

122 3433 178 3495 que
193 3425 286 3474 temen
300 3413 433 3491 ignaviae
450 3432 494 3473 me
508 3410 613 3472 dedere
629 3413 738 3492 cogito,
756 3409 807 3472 sed
820 3411 929 3476 solutus
945 3409 1010 3470 eliis
1023 3408 1112 3479 euris,
1129 3406 1217 3466 multe
1292 3459 1296 3474 ‚

121 3517 195 3578 quae
218 3498 275 3556 iem
300 3495 409 3576 pridem
429 3496 572 3570 inoboute,
595 3499 700 3575 pertint
721 3496 806 3556 etiem
828 3493 932 3554 edente
947 3490 1020 3572 opud
1040 3509 1086 3567 nno
1105 3491 1215 3560 iacent,

121 3592 155 3642 ut
177 3590 293 3659 potero,
326 3578 475 3640 absolvere
503 3598 537 3640 eo
563 3579 717 3658 perpolite.
762 3574 820 3638 Sed
842 3574 910 3656 quid
931 3573 1009 3655 egoi
1030 3583 1079 3638 eut
1095 3582 1216 3632 eurtum

122 3664 211 3742 longe
224 3683 290 3741 spes
306 3660 405 3722 iaeini
447 3661 530 3723 Haeo
542 3661 690 3726 meditanti
705 3660 1049 3724 fortassisintervenmru
1064 3675 1140 3717 nuere
1157 3665 1215 3720 est.

123 3748 207 3822 Quae
229 3743 393 3827 quandoque
414 3746 545 3816 venerit,
575 3755 739 3824 occupatum
761 3763 806 3804 me
830 3739 1020 3822 deprehendet
1037 3740 1109 3800 malo
1132 3758 1216 3816 quem

121 3829 194 3891 nibil
207 3839 351 3908 egentem.
385 3827 473 3898 Vale.
493 3827 618 3894 Ranae.
633 3827 690 3892 lv.
709 3824 835 3900 lielepd⁸
848 3825 963 3896 Men-tii.
976 3820 1214 3892 MDLxxva.
1315 3923 1318 3930 V
1344 3805 1348 3818 ’

137 4044 140 4053 ,
179 4003 214 4060 e)
228 4000 418 4058 nantelmo
431 4002 450 4049 1.
465 3999 541 4057 epigr.
554 3999 596 4052 46.
623 3999 736 4056 'Ermum

182 4075 236 4131 tet)
251 4073 287 4121 Cf.
303 4074 359 4120 adn.
372 4085 429 4133 [pag.
444 4077 474 4122 B.
488 4076 543 4122 388.
572 4073 617 4125 litt

181 4147 253 4206 tre)
269 4146 356 4195 Tituli.
369 4146 411 4194 nn.
426 4151 445 4195 t
460 4149 492 4194 el.
506 4149 529 4193 1.
542 4157 582 4194 re.
595 4147 631 4196 6:
844 4175 846 4180 .

334 4221 397 4268 mm
410 4211 583 4267 tenemento
597 4218 677 4265 tueeot
688 4213 833 4276 tenel'oottt.
861 4216 975 4263 bunum.

532 4343 814 4375 nn*-
