2960 5070
700 250 962 341 'ruvnrunruu
1109 242 1124 376 ‚¹
1164 243 1167 254 ’

599 442 637 506 n.
669 442 750 506 nu
785 443 1094 521 sunu-unu.

383 541 542 638 Mulciber
563 577 698 650 incessu,
723 577 818 656 capite
838 574 966 652 Aeolus,
989 601 1047 650 ore,
1061 581 1177 665 Lyaeus
1187 627 1199 656 ,

466 661 541 722 Tres
562 679 618 720 nno
640 657 720 721 clivos
743 680 863 741 corpere
884 661 962 722 solus
983 664 1083 726 babes.

590 824 644 886 LI.
687 823 748 886 IN
783 823 1063 891 subruunt.

382 925 469 1020 Inter
490 955 609 1019 Latinos
631 958 706 1018 iorte
729 958 819 1018 sicubi
841 957 950 1020 assedit

318 1059 320 1090 Ι
381 1041 527 1103 Pulcellus
549 1043 626 1114 iste,
648 1041 759 1102 fusculo
782 1061 850 1114 ore,
872 1041 1012 1116 liulinus,

323 1173 326 1182 ,
383 1125 442 1200 Qui
464 1125 603 1185 sericatus
626 1123 731 1202 gautlet
750 1125 794 1186 ire
814 1144 867 1206 per
886 1127 982 1198 vicos,

382 1207 454 1271 Tria
473 1207 561 1269 rerba
579 1207 657 1268 molli
679 1207 793 1268 Graeca
812 1227 884 1268 voce
905 1208 1064 1288 τραυλίζει.

321 1297 341 1352 ii
372 1293 381 1308 '
466 1290 580 1351 Graece
599 1289 651 1352 seri
672 1288 749 1350 adsit
768 1289 907 1350 eruditior
927 1294 1092 1372 quisquam,

384 1373 513 1439 silentur
533 1375 600 1432 ills:
623 1370 807 1453 proferuntur
829 1373 980 1447 Hebraea,
1106 1397 1108 1404 ’

383 1457 467 1531 Quae
488 1455 582 1516 lividis
606 1475 774 1536 praemansa
795 1455 1073 1532 cientibusilatrens,

382 1540 433 1604 Nil
455 1559 524 1618 prae
545 1559 577 1599 se
596 1539 716 1618 Apelles
736 1542 812 1598 iurat
833 1559 900 1600 esse
921 1541 1086 1613 Rabbinus,

383 1624 515 1701 Suaequc
536 1623 578 1681 ita
600 1623 702 1681 obiicit
720 1621 881 1702 imperitiae
899 1625 1002 1684 velnrb.

324 1712 365 1769 to
435 1706 511 1765 ,At
531 1705 607 1776 scis,
632 1703 705 1784 apucl
726 1725 779 1764 nos
802 1716 881 1764 astus
903 1707 959 1766 iste
978 1705 1045 1786 qnid
1063 1709 1175 1788 prosit,
1294 1759 1297 1766 ⁴

381 1788 493 1850 Ductor
513 1789 678 1865 trilinguis,
700 1787 856 1850 architecte
876 1789 1049 1850 venlsorurnl

382 1873 467 1944 Scis,
490 1872 620 1950 inquam,
644 1869 717 1950 apud
738 1891 791 1930 nos
813 1881 892 1931 astus
915 1873 971 1932 iste
993 1871 1060 1952 quial
1079 1874 1188 1953 prosit,

385 1955 443 2032 Qui
463 1973 532 2014 vera
554 1955 628 2014 fucis
650 1951 806 2012 indicamus
827 1953 992 2014 abstersis?

465 2035 541 2097 Dum
562 2037 606 2097 vis
628 2036 720 2097 videri
741 2034 848 2096 babere
868 2048 928 2098 tres
951 2039 1034 2100 simul
1055 2039 1185 2117 linguas,

323 2127 362 2184 lb
384 2122 503 2200 Unaque
526 2131 616 2180 tentas
639 2120 749 2180 anteire
772 2130 940 2198 serpentes,

384 2203 469 2282 Quoi
487 2202 626 2264 credimus
646 2213 676 2263 te
699 2200 775 2264 baud
791 2201 869 2264 alini
891 2223 958 2264 esse
977 2223 1061 2284 qusai
1080 2205 1216 2284 lingnam.

578 2366 648 2429 Lll.
697 2365 759 2428 IN
796 2365 1120 2434 NOALLIUM.

466 2451 526 2543 Nil
549 2483 717 2544 immundius
740 2497 784 2544 est
806 2486 863 2544 tuis
885 2485 1009 2559 libellis,

466 2567 518 2628 Nil
539 2568 708 2627 obscoenius
729 2567 971 2646 impudiciusquea

466 2649 508 2710 Et
527 2651 571 2710 vis
592 2661 621 2709 te
643 2661 736 2708 tamen
759 2662 790 2708 ut
811 2662 939 2734 putemus
961 2666 1028 2713 esse
1158 2699 1162 2708 .

465 2732 561 2792 Numa
581 2731 772 2811 Fabricioque
793 2734 975 2792 sanctiorem.

465 2815 507 2876 At
529 2817 671 2876 sententia
693 2827 791 2876 nostra
812 2835 847 2875 ea
868 2826 930 2889 est,
952 2816 1068 2888 Noalli,

468 2899 606 2978 Quisquis
628 2899 758 2958 versibus
782 2901 914 2978 exprimit
935 2898 1094 2972 Catullum,

466 2983 545 3046 tiano
566 2981 692 3044 moribus
714 2983 846 3066 exprimit
866 2981 1013 3064 Catonern.

549 3164 634 3226 LIII.
684 3163 746 3226 IN
777 3163 1129 3228 VIRGILIUM.

453 3278 752 3336 vincimus
786 3281 909 3336 lesu
940 3279 1233 3346 LouuiTuR.

289 3436 294 3444 ·
385 3371 455 3466 Cor
473 3405 600 3477 Phoebi,
622 3405 756 3466 Phoebus
778 3406 857 3468 Latii
864 3451 874 3480 ,
895 3418 988 3467 vatum
1009 3415 1141 3486 pateret
1162 3426 1230 3481 rex,

468 3487 548 3549 Fons
572 3509 608 3550 ex
627 3508 682 3568 quo
700 3489 814 3552 Aoniae
834 3491 947 3570 prosilit
967 3489 1067 3549 humor
1088 3509 1196 3568 aquae,

384 3572 445 3635 Pan
465 3572 541 3631 volui
563 3573 699 3652 primurn,
722 3575 813 3634 maior
833 3573 884 3634 sed
906 3575 997 3633 iactus
1020 3573 1166 3646 Homero,

469 3655 502 3716 ln
524 3656 652 3718 Graecos
675 3655 784 3719 Romae
805 3658 868 3718 iura
890 3655 1015 3716 secunda
1035 3653 1119 3719 dedi:

323 3743 344 3800 ii
384 3734 433 3797 Ad
453 3737 549 3800 caelos
570 3738 682 3800 tandein
703 3751 818 3818 raptus,
840 3741 909 3802 love
930 3737 1041 3811 indice,
1064 3735 1146 3798 dicor

469 3821 615 3882 Nectarna
636 3822 748 3884 illorum
770 3825 885 3886 vincere
905 3841 975 3884 voce
998 3840 1095 3881 sonos.

167 4018 172 4027 .
235 3983 285 4034 tet
580 3973 663 4039 LIV.
714 3977 776 4039 IN
825 3975 1112 4041 LYGDUM.

203 4143 205 4150 ,
336 4111 344 4132 c
386 4053 482 4158 Quod
504 4091 545 4152 sis
568 4102 625 4153 tans
646 4094 753 4166 facilis,
774 4092 848 4174 quod
869 4095 1005 4166 sistam,
1027 4091 1148 4174 Lygdo,
1171 4093 1323 4174 benignus,

469 4174 562 4248 Quam
582 4197 654 4238 nova
675 4189 761 4258 nupta
783 4199 834 4237 suo
855 4197 918 4238 curn
940 4187 1022 4256 parat
1042 4178 1087 4236 ire
1108 4178 1192 4252 viro,

386 4255 451 4320 Hoc
473 4269 591 4319 cavete
614 4258 714 4320 credas
739 4255 858 4324 uobisve
880 4261 982 4324 aliisve
1002 4261 1151 4322 molestum

470 4341 611 4407 Nomine:
635 4344 702 4428 quin
722 4345 807 4407 etiam
830 4363 882 4408 nes
903 4343 996 4426 magis
1019 4343 1076 4408 ista
1095 4345 1203 4410 invent.
