2960 5070
373 315 375 328 ·
466 261 963 434 romaxxxururp'
1149 309 1217 384 mr
1315 294 1319 328 ¹
1471 409 1472 416 Ν

222 484 327 554 xxx
371 490 418 554 ur
438 480 511 552 orn
532 481 840 581 assumenroms
861 489 899 557 n.
922 447 1101 560 namen.
1219 555 1225 565 ,
1279 469 1281 477 ’

241 607 406 721 Regnator
427 653 560 720 superum
582 659 638 722 qno
659 638 777 700 nitidam
802 640 854 704 die

265 743 268 746 ·
325 725 451 784 Matrem
473 723 596 784 sidereis
620 723 733 783 arcibus
755 725 888 799 intulit,.

323 807 364 868 Et
385 811 473 888 supra
493 807 641 887 angelicos
663 809 845 888 conspicuam
865 809 969 873 choros

324 889 460 953 stellanti
472 893 585 951 statuit
607 890 727 956 threant

196 979 218 1038 b
238 974 322 1051 Quae
344 975 425 1034 caclo
447 974 556 1035 inerint
577 973 684 1048 iubila,
706 975 754 1054 qui
775 995 881 1050 sonus,

324 1058 406 1134 Quae
427 1059 534 1118 sanctis
556 1058 658 1117 animis
682 1057 804 1136 gaudia,
827 1081 884 1120 non
905 1057 988 1122 modo

322 1141 463 1201 Humanis
484 1137 607 1221 nequeat
625 1141 744 1202 vocibus
768 1145 907 1224 exprimi,

182 1247 185 1254 ·
293 1223 381 1288 ‚Sed
402 1243 456 1284 nec
476 1235 593 1304 pectene
614 1226 738 1306 concipi.

236 1308 292 1369 llla
312 1319 358 1370 est
380 1327 448 1368 aree
469 1309 534 1370 novi
556 1309 674 1367 conscia
696 1307 854 1381 foederis,'·

174 1396 217 1454 ¹0
320 1389 499 1463 Conclnsus,
521 1389 640 1456 Domini
663 1388 803 1465 deliciae,
826 1392 975 1466 hortulus,

318 1474 427 1535 Restm
448 1475 571 1534 intactus
595 1493 681 1552 ager,
706 1473 803 1536 sidere
825 1476 953 1556 pulcrior

207 1623 209 1628 ,
317 1555 360 1620 Et
379 1575 485 1637 sponsa
505 1568 535 1617 ct
554 1558 682 1636 genitrix
701 1555 771 1617 Dei.

232 1639 338 1712 Felix,
361 1639 490 1720 quisquis
512 1659 575 1704 eam
597 1641 763 1721 suppliciter
784 1640 870 1714 colit,

317 1723 473 1802 Rebusque
495 1725 525 1782 in
547 1721 641 1784 dubiis
664 1723 780 1786 sedulus
801 1725 933 1796 invocatl

169 1811 211 1869 lb
313 1807 486 1887 Nunquam,
508 1804 563 1869 boc
584 1807 632 1886 qui
653 1809 754 1868 statuit
774 1807 949 1890 praesidium
972 1809 1029 1872 sibi
1036 1815 1049 1886 3

299 1893 301 1899 ’
318 1891 377 1970 Spe
399 1891 478 1950 lusus
501 1887 592 1950 doluit
611 1909 675 1952 sua.
1029 1895 1031 1900 ’

232 1973 362 2053 Simplex
382 1985 437 2036 etc.
496 2025 504 2042 .
636 1985 640 1993 “

265 2136 385 2222 xxm.
428 2137 475 2200 m
496 2113 631 2201 resno
652 2135 804 2202 sanum
824 2135 1044 2204 neumam.
1216 2163 1264 2212 aa·
1324 2215 1325 2224 Ν
1346 2192 1348 2204 .

230 2251 350 2348 Carisa
373 2288 403 2347 a
425 2289 554 2349 miratum
576 2290 690 2350 uomina
711 2307 749 2352 ne
768 2285 890 2363 carent,

314 2370 423 2430 Multos
443 2369 573 2452 impediit
594 2373 726 2453 supplicii
747 2383 858 2432 metusz

313 2453 424 2514 Multos
446 2457 493 2535 qni
516 2455 671 2528 dederant,
695 2457 739 2516 vis
761 2457 936 2516 cruciatuum
1009 2529 1011 2534 ,

214 2547 216 2555 ⁴
315 2536 397 2597 Illam
419 2537 555 2600 deserere
577 2541 699 2620 impulit.
823 2551 826 2568 “
914 2598 916 2602 .

189 2619 297 2680 BNon
318 2621 361 2680 sic
382 2621 449 2695 ille,
471 2621 562 2682 lr'odie
577 2643 659 2702 quem
681 2622 819 2694 colimus,
843 2621 914 2695 fnit,

119 2720 123 2732 “
234 2733 238 2738 ·
317 2703 375 2778 Qui
396 2725 498 2765 nomen
520 2705 628 2766 tumido
646 2705 726 2767 duxit
744 2706 780 2764 ab
801 2703 930 2764 Hadria:

315 2786 393 2861 Quin
415 2799 592 2850 constantem
615 2758 746 2934 animunp'
759 2787 964 2849 Christicolum
983 2787 1085 2851 videns

314 2869 425 2930 Horum
446 2891 480 2931 se
501 2870 702 2932 adnumerum
741 2873 842 2952 ppulit.

228 2949 392 3018 Prudenter
411 2965 546 3036 reputans
553 2997 565 3028 ,
588 2976 644 3015 non
664 2955 730 3014 sine
749 2955 865 3014 numine

167 3037 209 3096 to
312 3037 399 3098 Tales
417 3049 524 3103 ,cuncta
546 3040 623 3098 viros
643 3057 747 3120 aspera
767 3037 895 3119 perpeti,

313 3119 381 3180 Nec·
400 3141 432 3182 se
453 3122 521 3184 illos¹
540 3133 649 3182 temere
673 3132 774 3202 sponte
796 3141 847 3181 sua
869 3130 948 3181 ratus

313 3202 421 3264 Poenis
442 3205 569 3267 obiicere
589 3205 729 3266 omnibns.

228 3282 310 3368 Ergo
332 3285 384 3370 bis·
399 3307 431 3348 sc
452 3290 670 3368 agglomerare,
697 3285 838 3348 credidita
864 3297 893 3348 et
913 3287 1001 3350 srmul'
1050 3354 1052 3359 ,

246 3397 250 3417 ·
313 3369 405 3431 ludex
426 3372 489 3452 ipse
511 3373 574 3444 sni,
598 3372 767 3452 supplicium
791 3380 945 3452 appetens,
1001 3409 1004 3418 ·

166 3451 208 3508 lli
314 3453 397 3528 Quae
417 3466 511 3515 mente
533 3455 704 3527 imbiberat,
729 3474 794 3515 mox
817 3451 915 3514 eadem
936 3473 989 3514 suo

314 3537 416 3597 Sanxit
436 3537 568 3618 dogmata
589 3539 740 3618 sanguine,
1052 3538 1053 3543 ’

230 3615 361 3698 Simplex
378 3632 434 3682 etc.

248 3773 410 3847 ‘xxxii
460 3786 521 3849 rux
540 3785 627 3849 nrn
651 3786 685 3852 s.
715 3782 1013 3850 u1cr1ann1s.
1053 3871 1054 3874 Ν

227 3897 383 3996 Caelestis
403 3937 530 3997 canimus
551 3936 671 3998 militiae
692 3934 810 4009 ducem,

256 4076 258 4080 .
313 4017 371 4093 Qui
391 4021 514 4098 periura
528 4021 618 4080 bonus
643 4019 766 4100 dissipat
786 4019 918 4100 agmina,

312 4099 354 4159 Et
375 4100 486 4162 deiecta
509 4105 580 4164 locis
603 4105 736 4164 nonsibi
758 4102 863 4164 debitis
953 4149 955 4159 ,

313 4182 406 4246 Sedes
428 4186 516 4246 trudit
537 4186 573 4248 ad
594 4187 715 4250 inferas.

164 4265 185 4318 l'»
208 4261 363 4330 Horrenda
382 4269 535 4330 imbiberat
555 4280 673 4352 pectore
692 4271 837 4351 septiceps

157 4411 253 4457 xxxu.
269 4423 306 4458 vs.
321 4413 345 4460 e.
373 4417 497 4473 septumo
515 4417 541 4463 tn
554 4417 654 4464 incertis
667 4419 815 4466 numeretur.
844 4410 1199 4474 mouumentum:
1296 4455 1304 4476 p
1363 4408 1378 4434 ’

139 4492 241 4538 Muxsi.
256 4492 314 4540 onr.
326 4493 387 4542 von.
394 4497 426 4542 11.
441 4495 607 4554 (nuenario.
616 4500 680 4546 Tou.
689 4497 726 4557 1.)
948 4471 991 4538 21
