2934 5070
435 125 443 156 t

411 241 630 340 ¹'euenum
657 241 818 306 munem
856 329 858 341 Α

167 467 170 478 ,
262 408 305 470 At
327 429 373 480 me
392 374 473 470 d'etas
494 411 601 470 docens
624 422 654 470 et
672 409 860 470 honeret-ma
882 412 968 490 rapit.
1041 481 1043 486 ι

177 491 234 556 His
257 514 311 572 ege
333 496 359 553 si
380 494 480 554 iubeam
501 504 653 574 penetrare
674 493 839 554 Acherunta
860 492 988 562 duobus,

116 581 159 638 80
250 577 358 658 {ipsum
380 576 548 659 Aehepun'te
567 578 700 666 tevippstt
719 588 870 658 penetrare
894 577 984 636 labes.

163 659 300 750 ‚Pessum
323 681 378 740 ege
398 681 451 740 per
470 659 599 738 gladios,
622 656 738 739 pessum
758 661 882 720 transire
905 679 957 740 pet·
979 661 1060 738 ignes
1068 657 1096 732 ‚¹

261 743 302 804 Et
324 745 423 804 bibere
445 744 546 804 Aeaea
566 745 634 802 uita
656 745 769 802 aconita
789 763 893 802 nnanu:
950 762 951 772 ¹

175 825 311 890 Insanum
333 829 459 889 Veneris
482 846 590 905 nequeo
611 827 747 888 cohibere
769 827 911 896 iunonem,

263 912 310 972 Sit
325 912 398 970 licet
418 911 558 971 immerite
581 929 694 991 semper
715 909 821 971 acerba
842 907 922 969 mihis

626 1058 658 1128 *

220 1187 293 1248 Cum
313 1189 407 1248 emnia
428 1189 457 1248 in
478 1207 575 1250 amone
596 1191 702 1250 misera
725 1189 799 1260 sint,
829 1199 886 1246 tum
910 1185 939 1246 id
961 1190 1084 1248 oninium

218 1273 418 1414 Riiserninnum
440 1283 504 1344 est,
529 1273 614 1352 potiri
639 1274 730 1332 amica
751 1291 818 1346 cum
834 1270 919 1332 velis.

155 1393 159 1406 ·
251 1357 349 1434 epulsa
371 1375 451 1414 amer
472 1355 620 1428 conditur,
642 1368 672 1415 ut
696 1355 776 1414 cibus
799 1355 877 1414 sale:
957 1360 968 1382 ⁶

172 1483 176 1498 .
221 1439 292 1502 Sine
313 1459 364 1522 spe
385 1449 515 1519 metuque
536 1438 676 1522 insipidus
685 1451 691 1466 ”
701 1451 785 1518 atqne
807 1439 933 1498 insulsus
957 1447 1012 1498 est.

555 1597 747 1616 *m*

156 1646 159 1667 ¹
230 1645 348 1751 xxxi
390 1681 456 1750 nn
484 1684 729 1750 uunuaau
756 1687 1056 1776 nunninus)

181 1807 274 1910 Quae
286 1851 325 1900 te
348 1859 451 1898 caussa
469 1838 540 1897 mihi
561 1840 652 1917 potuit
665 1833 780 1898 ¹mutate
790 1881 800 1910 ,
822 1839 956 1911 Neaera,

262 1924 302 1983 Ut
323 1943 386 1982 mea
406 1923 463 1980 iam
484 1941 540 1980 nen
561 1923 621 1992 sis,
645 1921 820 2000 quaemedo
842 1921 918 1988 dieta
939 1943 1002 1982 mee
1024 1913 1079 1983 esi

98 2072 106 2084 ,
180 2007 312 2081 Quonam
331 2025 411 2066 amer
431 2004 481 2063 ille
502 2005 591 2076 abiit,
614 2025 669 2084 que
692 2016 721 2064 te
743 2007 851 2065 iactare
873 2006 1006 2076 solebas,

264 2088 336 2149 Cum
358 2089 412 2147 tibi
435 2106 537 2166 magna
558 2089 629 2146 satis
653 2089 755 2166 [plenia¹
768 2099 877 2148 amaten
897 2089 1001 2148 ecam?

136 2177 157 2231 ὃ
179 2169 268 2240 Certe
291 2173 395 2232 etenim
415 2181 446 2229 et
469 2169 583 2230 memini
604 2172 678 2250 ipse,
702 2181 732 2230 et
752 2183 781 2231 te
802 2169 965 2232 meminisse
988 2193 1108 2234 necesse
1130 2185 1186 2246 cst,

265 2255 357 2331 Quam
380 2273 465 2334 saepe
486 2253 646 2313 exciderint
666 2253 736 2314 tedia
756 2255 844 2315 verba
864 2255 934 2314 uiui:

181 2337 266 2399 Dona
289 2342 386 2401 invent
405 2337 495 2396 alias:
527 2334 591 2395 dum
616 2357 660 2398 me
681 2337 814 2398 Muretus
834 2339 958 2412 amabit,

182 2471 184 2478 .
265 2420 373 2506 Cetenp
393 2422 432 2480 mi
454 2431 485 2480 ut
505 2418 600 2480 desint
617 2422 730 2494 emnia,
754 2420 834 2481 dives
858 2441 919 2501 ere²

181 2503 291 2571 Aurum
313 2505 387 2566 aliae
410 2522 591 2582 gemmasque
599 2547 610 2576 ,
632 2525 690 2582 ege
709 2505 749 2564 nil
772 2505 828 2564 nisi
853 2508 979 2568 carmina
999 2527 1132 2588 poseant:
1195 2573 1199 2582 ¹

118 2593 161 2648 10
193 2578 199 2594 '
263 2587 334 2648 Plus
356 2587 426 2646 mihi
448 2587 556 2648 divitiis
577 2588 705 2646 omuibus
726 2589 777 2648 illa
801 2590 924 2668 placent.

180 2671 245 2733 Nec
266 2672 358 2730 minus
381 2672 443 2750 ipse
462 2671 516 2730 tihi
539 2671 623 2749 parili
645 2673 811 2731 coniunctus
834 2693 949 2746 amere,
1002 2717 1005 2722 -
1029 2725 1033 2730 .

265 2754 349 2814 Talia
367 2751 519 2814 reddebam
541 2752 627 2826 dicta,
650 2753 701 2814 sed
722 2773 758 2815 ex
778 2754 890 2816 anime:

98 2863 102 2870 ·
182 2837 245 2898 Ure
267 2835 380 2916 Cupide
401 2837 490 2896 alios:
522 2837 599 2915 ignis
622 2838 691 2897 mihi
713 2839 774 2898 sela
794 2838 917 2901 Neaera
934 2849 990 2898 est.

120 2927 123 2934 ’
269 2919 326 2981 Odi
348 2921 421 2982 alias
442 2939 561 2981 omues:
592 2921 768 3000 quinetiam
791 2922 927 2983 obtulerit

25 3011 32 3042 u
119 3008 159 3063 te
182 3003 306 3068 Simihi
329 3024 361 3064 se
382 3002 483 3065 Venus
505 3005 587 3082 ipse,
610 3004 710 3064 Venus
733 3004 808 3065 feret
828 3009 891 3086 ipsa
913 3005 1066 3086 repulsam.

267 3087 352 3148 Seius
373 3106 428 3164 ege
451 3087 548 3159 iltius,
564 3088 636 3158 vsela
656 3099 687 3147 ut
707 3097 736 3148 et
757 3090 821 3167 ipsa
843 3107 905 3151 mea
929 3089 984 3148 es't.

182 3168 242 3230 Hei
266 3171 360 3250 ιιιίΙιί,7
377 3172 427 3230 vix
447 3190 560 3232 menses
581 3171 681 3232 absum
703 3193 720 3232 a
742 3182 771 3232 te
793 3183 943 3251 quattuen:
971 3183 999 3231 et
1021 3183 1049 3232 te
1118 3197 1120 3202 a

261 3253 399 3314 Alterius
421 3253 525 3314 iactam
548 3256 652 3314 nuncia
674 3255 750 3314 faune
772 3257 871 3316 refert.

184 3335 280 3409 Quid,
308 3338 333 3396 si
354 3335 541 3416 Tapsbhanae
562 3339 711 3416 petiissem
734 3349 783 3398 aut
803 3340 887 3399 litera
907 3337 1016 3400 Thales
1025 3335 1060 3400 Ἰ.

75 3483 82 3494 ,
123 3420 165 3476 20
269 3420 340 3480 Tam
362 3421 448 3498 lenge
471 3418 560 3481 distat
580 3421 678 3482 Tibris
699 3421 735 3482 ab
754 3421 905 3482 Eridane?

185 3499 227 3561 At
247 3521 309 3562 cum
334 3522 379 3564 me
399 3505 512 3564 flentem
535 3505 606 3563 flens
630 3505 693 3586 ipsa
713 3506 843 3585 amplexa
863 3517 997 3574 teneres.

268 3586 358 3665 Inque
380 3597 427 3646 tue
450 3597 556 3649 stratus
577 3586 676 3647 limine
697 3599 789 3658 steret
809 3607 915 3668 equus,

181 3664 399 3749 Complexuque
421 3679 470 3730 tue
493 3672 541 3730 vix
563 3669 789 3732 measnutmere
810 3691 943 3752 possem:
974 3667 977 3671 ’

92 3815 96 3825 ,
270 3751 330 3812 lam
353 3751 514 3814 discedenti
535 3755 630 3834 qualia
650 3753 727 3816 dicta
748 3750 856 3816 dabas!

121 3837 162 3891 att
185 3833 262 3894 Dum
285 3837 399 3908 vivum,
422 3857 469 3898 res
493 3837 570 3898 nulla
593 3849 641 3898 tue
665 3859 711 3899 me
731 3840 836 3900 avellet
858 3855 967 3898 antone.

160 4022 194 4077 d)
209 4025 248 4070 Act
261 4027 384 4070 nuceranae.
414 4027 483 4072 Hanc
497 4025 615 4086 utentem,
628 4028 710 4074 neseio
726 4039 759 4074 ex
773 4038 821 4084 qua
835 3980 946 4074 Euidiene
961 4023 1098 4072 carminum
1112 4021 1202 4070 Mureti

102 4081 214 4138 ductant,
236 4082 321 4128 uuum
336 4083 484 4129 Veronensis
499 4080 603 4137 proututt
619 4086 723 4140 Operum
738 4085 827 4131 Mureti
848 4085 972 4130 't'nm;1V.
987 4093 1041 4136 pau.
1058 4083 1112 4126 ⁶238.
1127 4082 1157 4126 u.
1173 4082 1203 4125 R.

102 4159 131 4171 -
149 4140 189 4184 Ex
203 4138 296 4184 Aldina
316 4150 371 4196 pag.
383 4140 421 4186 ut.
430 4152 474 4195 se.
489 4141 585 4186 ductam
599 4153 655 4188 esse
671 4143 752 4188 decuit
765 4145 804 4187 me
819 4153 906 4187 censer
918 4139 1029 4186 editiones
1041 4135 1137 4184 [tutudi.
1158 4139 1203 4182 ltu.

160 4211 245 4256 XXXI.
260 4222 298 4256 vs.
315 4211 362 4257 16..
382 4211 455 4256 selua
467 4223 518 4268 epa
549 4215 590 4259 ste
604 4215 692 4270 scripu!
708 4212 761 4260 eu'm
775 4217 832 4264 Atti.
849 4217 885 4262 ed.
901 4217 928 4262 ln
948 4215 1037 4260 Veron.
1053 4212 1142 4266 tegitur
1156 4212 1205 4255 Se-

105 4269 145 4313 tus
159 4277 230 4325 cape,
248 4279 292 4322 pre
308 4279 354 4322 que
369 4270 466 4314 Ruhnle
483 4269 548 4316 dedit
569 4273 641 4317 Setae
655 4284 704 4318 cre.
735 4275 780 4320 Fa.

160 4341 203 4387 Vs.
220 4339 256 4387 te.
288 4341 382 4386 Teates.
412 4341 662 4402 venumdemus.
693 4348 740 4391 Fe.

144 4423 241 4467 ateium.
251 4419 375 4467 0uu.Veu.
384 4423 413 4471 11.
429 4421 732 4480 (Ruuutt.Bu.Teu.1V.)
950 4397 994 4464 28
