2992 5066
218 266 294 340 ‘m
554 349 556 356 ,
664 263 918 368 uramentum

250 442 422 520 togatam
437 439 515 500 illam
528 449 590 496 eum
602 433 691 496 'verbo
705 437 809 516 citpar't,
824 432 898 516 quod
911 445 1012 516 postea
1025 431 1179 494 subiunxit.
1222 429 1334 494 Eodem

249 525 340 604 igitur
359 519 441 582 modo
456 539 519 584 oum
535 517 677 592 dixisset,
698 521 799 580 atentia
813 531 926 580 ceterae
931 517 1002 600 sere
1017 528 1096 578 ortes
1110 513 1140 576 'ct
1156 527 1269 577 cetera:
1293 519 1336 577 ita

250 607 323 676 dixit
341 615 459 686 postea,
481 605 562 664 emes
582 604 710 663 conante
738 592 845 682 snp‘tn
868 599 1016 674 naccae,
1040 599 1119 680 quasi
1136 616 1193 660 non
1207 601 1275 660 lene
1291 601 1337 660 di·

149 695 151 700 '
220 719 223 726 ·
250 711 316 752 cere
338 687 476 758 dixisset,
505 683 557 746 sed
584 704 635 746 ars
658 679 874 758 benedicendi,
906 683 979 768 quod
1001 685 1140 743 orationis
1164 680 1337 748 ἀκολουθία

250 771 396 854 postulare
416 765 623 850 videbatur.*)
641 807 647 822 ι
663 767 762 828 llabes
785 769 934 828 verbosam
954 769 1150 827 etinsnavem
1174 768 1335 847 epistolam,

251 867 283 916 ut
303 855 437 934 scriptam
453 872 473 912 a
497 862 669 932 properante
690 861 720 912 et
739 859 894 932 occupato3
923 851 1063 930 etiamque
1081 860 1111 910 ut
1133 850 1185 910 tihi
1208 851 1339 910 molestia

251 937 429 1020 duplicetur,
458 954 522 994 mea
549 955 632 996 manu
660 935 814 1015 scriptam,
844 947 874 994 ut
904 935 1036 994 fortassis
1059 934 1143 994 etiam
1166 934 1195 992 in
1217 931 1340 1012 legendo

251 1018 359 1100 aliquid
377 1019 429 1079 tihi
445 1019 553 1098 negotii
565 1019 687 1080 latarum
705 1019 752 1076 sit.
798 1017 949 1077 Gislrertus
966 1017 1042 1076 enim
1058 1028 1166 1088 noster,
1189 1028 1341 1096 propterea

252 1103 326 1185 qood
347 1104 374 1164 ei
399 1099 484 1160 lindie
510 1100 545 1160 ad
568 1100 645 1161 iores
665 1099 765 1160 herilis
784 1099 911 1160 'cubiculi
932 1098 1113 1160 assidendum
1131 1110 1192 1172 est,
1214 1097 1340 1158 utstatis

252 1187 363 1248 vicibus
378 1203 476 1246 omues
490 1181 657 1244 cubicularii
676 1184 785 1254 solent,
809 1203 923 1263 operam
939 1183 1006 1242 mihi
1022 1181 1090 1242 dare
1104 1203 1159 1241 non
1174 1183 1272 1261 potuit.
1311 1180 1342 1242 A

253 1281 283 1330 te
304 1281 389 1349 pete,
415 1278 446 1326 ut
466 1285 511 1326 ure
534 1287 629 1327 ames:
655 1265 729 1345 qnod
748 1286 810 1327 cum
829 1268 937 1340 facies,
961 1276 1054 1325 mutuo
1071 1276 1100 1325 te
1120 1265 1259 1327 iacturum
1274 1267 1341 1326 esse

253 1354 336 1414 scito.
381 1351 467 1414 vate.
481 1349 595 1410 'Romae
607 1349 664 1413 VI.
680 1347 802 1411 lieleud.
819 1349 910 1410 Mart.
929 1348 1091 1446 MDLXV.

315 1561 320 1570 .
380 1563 383 1570 ,
440 1495 587 1563 xxxiv.
628 1489 800 1560 -EHJEM
832 1491 1154 1584 CAR'DANETO.

251 1582 314 1676 'Ad
338 1635 388 1678 eas
409 1615 538 1688 litteras,
562 1619 662 1696 quesn
684 1617 835 1690 memoris
851 1616 1031 1696 plenissimas
1046 1611 1136 1696 duper
1151 1614 1267 1694 accepi,
1285 1625 1345 1674 sta·

247 1697 554 1779 timrespoudissem,
578 1702 603 1760 si
626 1701 734 1760 otiosus
750 1699 890 1766 fuissem.¹
924 1698 981 1760 Sed
995 1720 1072 1760 eram
1089 1709 1242 1778 occupatus
1256 1695 1285 1756 in
1298 1717 1345 1757 re-

252 1781 454 1864 cognoscendo
475 1783 618 1842 volumine
638 1781 756 1861 quodam
775 1783 933 1842 orationum
950 1803 1094 1856 mearum,
1114 1780 1218 1862 quoda
1238 1799 1282 1840 me
1296 1780 1344 1839 his

179 1913 180 1920 ,
257 1865 452 1946 superioribus
479 1863 579 1926 diebus
609 1863 722 1926 librarii
751 1875 932 1926 extorserunt
958 1867 1071 1938 verius,
1102 1885 1183 1944 quam
1210 1866 1346 1942 impetra·

257 1943 403 2030 nuncet)
439 1947 562 2009 Omnino
586 1949 660 2009 enim
682 1951 884 2009 constitueram
902 1948 971 2008 nihil
988 1949 1105 2028 posthac
1120 1947 1267 2019 scrihere,
1294 1945 1347 2006 sed

258 2052 303 2092 me
313 2075 325 2104 ,
347 2042 379 2092 ut
400 2031 547 2091 consilium
569 2031 725 2105 mutarem,
749 2033 901 2092 amicorum
923 2033 1007 2090 nimis
1023 2032 1095 2092 bene
1111 2031 1146 2091 de
1160 2050 1204 2090 me
1220 2032 1347 2090 sentien-

254 2115 327 2196 tium
352 2135 408 2174 nou
423 2114 634 2176 cohortationes
651 2111 751 2188 modo,
775 2113 825 2176 sed
840 2135 940 2194 preses
956 2113 1091 2175 assiduae
1103 2119 1266 2193 coligeruut.
1311 2111 1346 2172 In

259 2217 294 2261 eo
314 2197 404 2278 igitur
418 2216 495 2256 cram
514 2210 686 2278 occupatus,
708 2219 769 2258 cum
786 2199 882 2278 accepi
896 2199 1006 2258 litteras
1021 2211 1101 2258 tuas:
1127 2208 1155 2258 et
1170 2195 1346 2276 simulcogi·
1379 2215 1387 2235 ⁴
1482 2245 1483 2260 l

256 2281 339 2354 tavi,
363 2281 388 2340 si
403 2281 496 2360 paullo
513 2270 686 2365 scitustttp
707 2281 922 2361 responderem,
946 2279 1038 2344 damni
1051 2281 1120 2341 nihil
1133 2283 1162 2340 in
1176 2281 1254 2340 mora
1270 2280 1344 2339 iore.
1370 2265 1378 2290 ⁸

256 2361 306 2426 De
321 2365 384 2424 loco
400 2363 449 2424 illo
465 2361 615 2424 Ciceronis
632 2385 687 2426 non
699 2364 767 2446 puto
780 2377 809 2424 te
824 2363 965 2438 dubitare,
982 2366 1047 2444 quin
1062 2365 1201 2424 sententia
1217 2374 1265 2422 tua
1277 2382 1348 2422 vern

257 2445 309 2507 sit.
352 2447 428 2507 Nam
439 2447 485 2506 vel
504 2445 533 2505 id
548 2449 651 2526 ipsum,
669 2445 741 2528 quod
754 2449 796 2506 ais
814 2445 905 2506 videri
917 2468 1003 2527 posse
1018 2446 1144 2520 obstare,
1158 2448 1248 2526 magis
1262 2447 1348 2506 etiam

227 2553 230 2557 ·
258 2549 321 2590 eam
331 2571 343 2602 ,
367 2529 392 2588 si
408 2529 540 2600 accurate
557 2529 709 2609 inspicias,
733 2529 889 2591 confirmat.
934 2529 1047 2610 Siquid
1063 2530 1140 2590 aliud
1158 2532 1224 2602 erit,
1241 2528 1348 2608 dequo

258 2613 430 2672 seutentiam
451 2631 541 2671 meam
558 2607 732 2696 cogitoscere
749 2613 847 2692 cupias
856 2655 868 2686 ,
892 2613 1025 2672 scribito:
1049 2634 1105 2674 nou
1120 2615 1300 2685 committam,
1316 2621 1350 2672 nt

159 2743 163 2752 ,
258 2691 437 2774 quidquamne
451 2713 513 2767 me,
535 2694 609 2772 quod
623 2715 678 2776 ego
690 2690 801 2774 quidem
822 2707 969 2775 praestare
981 2698 1107 2777 possim,
1130 2699 1238 2757 trustra
1254 2691 1346 2775 petas.

192 2791 198 2811 l
257 2777 333 2838 Ano
347 2779 423 2838 enim
438 2788 468 2840 te
486 2773 686 2851 vehementer,
709 2777 855 2858 tumquod
871 2778 966 2839 multis
982 2781 1142 2840 nominibus
1163 2779 1348 2858 dignissimus

255 2876 291 2921 es
307 2862 355 2940 qui
367 2862 483 2932 emeris,
508 2873 566 2920 tum
578 2860 654 2940 qued
669 2864 709 2922 ite
725 2875 769 2922 me
788 2881 878 2936 emes,
896 2871 927 2922 nt
940 2863 1152 2924 inhumanitatis
1169 2859 1349 2922 uotam-effu·

152 2967 154 2979 ·
228 3011 230 3016 ,
258 2960 331 3022 gere
351 2965 406 3004 non
424 2945 552 3024 possim,
574 2945 631 3005 uisi
651 2942 751 3005 tibiis
775 2959 870 3006 amore
884 2944 1080 3026 respondeam.
1124 2947 1210 3008 Vale.
1225 2945 1348 3016 Romae,

168 3078 171 3086 .
197 3044 247 3093 ens
260 3025 335 3106 prid.
352 3023 468 3108 ldib.†)
491 3025 607 3106 Aprilis
617 3027 668 3088 die
681 3030 743 3108 ipso
758 3023 847 3088 natali
857 3049 941 3110 meo,¹
958 3049 1040 3112 quem
1054 3041 1083 3089 tu
1097 3030 1166 3090 milri
1179 3029 1300 3088 faustum
1314 3047 1349 3088 ac

258 3109 372 3170 felicem
395 3127 524 3190 precare.
552 3107 716 3180 ttetxx,
761 3111 860 3172 Saluta
873 3103 952 3172 'milri
979 3113 1142 3174 Gislrertum
1159 3131 1269 3172 menmc
1292 3111 1349 3171 etsi

259 3194 287 3253 ei
311 3193 454 3253 subiratus
476 3211 557 3265 sum,
582 3193 655 3274 quod
676 3193 805 3275 quiddam
825 3215 843 3254 a
860 3215 905 3255 me
927 3195 982 3255 silti
994 3197 1024 3255 in
1040 3197 1152 3256 areanis
1168 3195 1349 3256 commissum

259 3276 407 3336 continere
426 3295 482 3336 nen
495 3277 597 3355 potuit.
641 3275 764 3340 Veniam
777 3277 882 3351 isthuc,
905 3290 937 3338 ut
955 3297 1052 3360 spero,
1077 3297 1174 3340 mense
1189 3278 1270 3339 Maio
1283 3297 1350 3358 pro·

258 3359 355 3431 ximo,
378 3370 410 3419 ot
424 3377 568 3439 praeseus*
584 3359 620 3420 ab
637 3381 672 3422 eo
688 3379 794 3441 poenes
810 3359 966 3442 reposcam.
1012 3363 1069 3437 Qui
1085 3364 1159 3422 euim
1177 3373 1283 3420 tantun
1297 3361 1350 3419 tri·

141 3503 150 3524 ἱ
259 3439 344 3502 mum
366 3439 441 3502 domi
463 3443 555 3522 ipsius
575 3463 642 3504 esse
662 3443 864 3518 decreveram,
892 3444 1048 3506 ulciscendi
1069 3465 1173 3506 caussa
1198 3455 1273 3505 totos
1297 3461 1350 3503 sex

259 3522 321 3586 dies
344 3526 474 3586 menalios
506 3523 652 3596 ¹addeum
666 3527 799 3590 scrihere
821 3547 895 3589 nunc
913 3549 969 3590 non
983 3530 1051 3590 lieet
1062 3548 1115 3610 per
1127 3529 1346 3611 occupationem

257 3607 421 3690 propediem
435 3609 568 3671 scribam.
869 3613 871 3619 '
1070 3649 1072 3654 -
1297 3607 1299 3614 ’

314 3799 555 3854 *neminemnam
567 3799 599 3847 ad
612 3801 691 3846 locum
706 3799 754 3848 cle.
770 3793 799 3848 de'
815 3801 916 3850 oratii.
930 3783 953 3850 t.
964 3812 1000 3858 pr.
1014 3804 1044 3850 de
1059 3814 1106 3858 quo
1118 3803 1238 3848 muretum
1251 3801 1350 3849 consul·

256 3857 313 3902 tun·
322 3854 403 3902 fnisse
415 3861 446 3903 et)
461 3860 597 3904 curdnueto
612 3857 683 3902 icelle
698 3863 805 3913 apparet.
834 3862 913 3914 Quare
928 3862 1087 3916 attemerare
1101 3860 1207 3904 dixerat:
1227 3859 1350 3905 mento

238 3913 851 3969 ‘teudtltoetpsoeltoroedeOratore.
880 3921 925 3964 t'n.

314 3986 367 4042 nep
389 3988 552 4032 necaretur
570 4010 599 4020 —
619 3989 779 4041 memoratu.
807 3991 931 4046 Frequens
946 3989 1042 4045 opttmts
1056 3987 1215 4044 sntptorttus
1229 3988 1290 4031 tinec
1304 3996 1351 4039 op-

253 4040 343 4096 positio
365 4047 410 4088 est.
440 4043 550 4098 Quinctil.
565 4044 595 4091 X.
619 4045 640 4089 ί.
656 4044 709 4092 tto
725 4045 755 4090 de
770 4045 900 4093 cicerone:
927 4049 984 4101 lpse
997 4049 1053 4102 ulo,
1075 4057 1134 4103 quoe
1150 4043 1288 4098 ‘norwit
1303 4043 1350 4086 im·

252 4099 416 4209 nnertpprcsctpo
429 4101 520 4204 πᾶσι.
549 4101 587 4146 lte
601 4099 679 4146 iormn
692 4101 836 4168 extorquere
849 4104 939 4163 ultum
952 4108 983 4150 ot
995 4106 1074 4162 adprm
1089 4102 1119 4148 ol.
1133 4101 1236 4158 Ellendt.
1251 4099 1282 4146 ad
1298 4098 1349 4145 cio.

251 4279 284 4330 a
303 4225 385 4328 δὲῃ
403 4225 454 4339 pppg
472 4229 665 4332 litpiapdnpttin
675 4225 747 4334 1333.
776 4231 899 4290 toletano,
918 4227 1025 4294 serlus
1039 4233 1157 4292 spondeat,
1177 4228 1349 4288 summ

244 4351 245 4356 ’
307 4353 343 4416 i)
357 4357 431 4404 immo
444 4359 508 4413 erte.
522 4359 608 4406 ldae.
637 4362 683 4408 ru.
