2934 5070
454 379 802 454 resurerxit.
898 365 909 377 ‘

151 555 234 617 Tunc
253 571 309 631 ego
331 561 361 612 et
380 550 529 632 Hyrcanis
549 569 692 629 agnoscar
711 550 842 630 tigribus
855 551 951 628 altus,
984 603 987 612 .

87 643 131 698 20
235 634 277 696 Et
297 635 407 696 vinctus
429 633 536 715 triplici
559 653 611 694 cor
631 631 757 712 rigidum
778 633 912 714 chalybe.
952 704 954 712 s

149 717 228 782 Ante
249 737 341 780 meum
361 715 461 779 tundat
479 717 561 796 Tityi
582 717 664 778 iecur
684 716 762 789 ales,
786 728 816 778 et
837 729 904 780 anto

235 801 367 882 Sisypbii
386 798 496 882 pondus
517 801 596 860 ferre
616 797 717 878 sdtgar
737 800 852 880 lapidis.
918 809 927 882 Ἰ

149 883 210 959 Di,
232 887 335 956 facite,
358 894 389 944 ut
409 885 520 944 iunctas
541 892 600 942 tam
621 892 719 944 saneto
740 882 860 944 foedere
879 893 988 946 mentes

131 960 146 996 *¹
233 967 340 1040 Nulla,
363 987 381 1027 o
403 967 498 1038 nulla,
518 985 639 1045 unqum
659 976 789 1045 tempora
808 965 986 1028 dissoluant:

84 1057 128 1114 bb
148 1051 215 1114 Neu
236 1053 367 1124 veniens,
390 1051 472 1110 annis
496 1049 640 1129 paullatim
660 1049 842 1124 abeuntibus,
865 1061 946 1113 aetas
1036 1059 1068 1070 “’

232 1132 344 1195 Nostra
365 1133 417 1193 sub
438 1132 561 1194 obscura
582 1132 697 1192 nomina
717 1131 792 1193 nube
812 1144 914 1212 tegat;

140 1217 209 1286 'Sed
228 1238 324 1278 rarum
345 1216 428 1278 ambo
449 1215 607 1296 exemplum
626 1234 717 1296 usque
737 1236 754 1275 a
774 1215 909 1296 lanugine
929 1216 1023 1300 prima

232 1299 393 1362 Perductao
412 1297 450 1362 ad
469 1319 556 1361 cenos
577 1301 666 1360 simus
686 1300 842 1360 amicitiae.
1039 1303 1042 1308 ’

128 1482 202 1553 Xli.
247 1506 582 1556 insenuerunt
607 1505 661 1554 nx
687 1507 865 1556 nunnus
889 1451 1088 1562 nuansur

274 1600 321 1664 nr.
356 1597 620 1664 nnrcnvrr
655 1598 949 1686 munusue)
1033 1692 1038 1700 .

148 1711 210 1800 Itis
231 1737 292 1798 suis
314 1732 428 1802 fraudat
448 1736 591 1796 resolutos
612 1735 722 1796 viribus
743 1745 843 1808 artus,
892 1766 897 1775 ·

231 1820 286 1881 llla
306 1830 473 1880 veternosos
492 1817 688 1900 invalidosque
710 1819 792 1882 iacit.

148 1903 226 1981 Quid
245 1905 362 1982 loquar,
385 1912 416 1962 ut
434 1900 589 1983 podagram
608 1904 735 1979 Veneris
757 1902 929 1967 commercia
948 1899 1087 1980 ι1ιιιιιιιιι,ι

230 1985 309 2048 Ante
330 2005 409 2046 sunm
430 2004 517 2046 canos
537 1986 755 2064 accelerentque
775 1983 874 2046 diem?

106 2077 127 2131 ὅ
150 2069 235 2146 Quod
255 2071 358 2131 multos
380 2067 487 2128 nitidae
511 2068 604 2129 medio
627 2069 679 2128 sub
701 2069 772 2128 flore
793 2070 927 2132 iuventae

230 2152 369 2212 Elumbes
390 2150 485 2216 dubiis
504 2151 638 2232 passibus
660 2153 705 2212 ire
724 2149 825 2225 vides,

146 2233 315 2316 Tardosque
338 2235 501 2314 fractosque
524 2246 554 2296 et
574 2234 659 2294 nullis
682 2234 782 2294 usibus
803 2233 906 2317 aptos?

231 2318 422 2398 Languorem.
435 2319 509 2378 huuc
529 2319 645 2378 miseris
664 2319 761 2404 attulit
782 2337 837 2379 nna
857 2319 1014 2400 Venus„

148 2399 208 2465 Sed
227 2403 304 2465 levin
323 2401 396 2473 baec
417 2401 538 2480 aliquis,
561 2400 688 2480 quemvis
706 2411 776 2472 ,sunt
796 2423 918 2481 magna,
939 2403 1062 2483 putarit,
1091 2395 1095 2402 ’
1127 2411 1128 2414 ’

83 2493 124 2548 10
231 2485 374 2562 Quantum
394 2486 489 2550 animo
509 2495 612 2544 noceat
632 2485 778 2558 sivenus
799 2487 880 2566 ipsa,
902 2497 993 2548 notet.
1012 2527 1017 2537 ⁴

146 2569 297 2652 Ingenium
317 2569 444 2630 Veneris
465 2569 587 2647 repetito
609 2567 778 2628 obtunditur
794 2588 866 2641 usu,
954 2603 974 2646 χ

36 2646 39 2655 '
230 2651 272 2712 Et
293 2652 326 2712 lit
347 2650 436 2710 hebes
457 2652 582 2724 sensim,
607 2650 682 2731 quod
703 2653 782 2732 prius
804 2671 872 2712 acre
893 2651 958 2714 init.

79 2793 92 2804 ,
146 2735 293 2816 Relligio‚
317 2736 488 2814 integritas,
511 2733 636 2812 probitas
656 2729 804 2814 pietasque
826 2733 954 2813 fidesque

136 2891 140 2894 ,
230 2817 359 2897 Cumque
378 2837 430 2876 sua
449 2819 590 2896 ingenuus
614 2819 796 2900 simplicitate
817 2816 924 2898 pudor:

82 2907 124 2965 15
146 2901 229 2964 Haec
251 2901 354 2973 simul,
378 2919 516 2980 oppressa
538 2901 646 2980 potitur
667 2921 729 2961 curn
751 2913 845 2961 mente
864 2896 972 2974 libido,

230 2985 272 3045 Ut
291 2984 398 3044 boreae
418 2983 507 3044 nubes
528 2983 642 3044 flatibus
663 2995 747 3056 acta,
772 2981 886 3044 cadunt.

147 3070 218 3151 lpsa
234 3067 337 3131 Venus
357 3067 446 3146 prolis
470 3067 621 3127 maculavit
642 3067 780 3146 sanguine
801 3063 939 3143 matrem,

230 3150 419 3229 Armavitque
436 3151 515 3210 ieras
536 3151 568 3210 in
588 3171 641 3212 sua
661 3150 763 3211 damna
779 3171 891 3212 manus.

147 3233 203 3297 Illa
223 3235 299 3316 patri
319 3243 401 3294 natas
422 3234 532 3294 incesto
554 3233 672 3297 foedere
695 3235 806 3308 iunxit,

85 3322 129 3379 20
233 3318 327 3378 Unius
350 3327 384 3376 ut
404 3318 531 3395 genitrix
549 3315 674 3399 Myrrha
694 3336 833 3396 sororque
852 3315 939 3376 foret.

147 3400 203 3462 Illa
224 3411 254 3462 et
274 3399 437 3479 Pasiphaen
458 3399 553 3460 docuit
572 3401 759 3462 succumbere
779 3413 881 3472 tauro,

194 3543 196 3552 ,
231 3482 363 3543 Armenii
386 3483 482 3564 pellex
499 3495 579 3544 esset
598 3495 630 3543 ut
651 3486 715 3564 ipsa
738 3485 795 3546 sui.

148 3564 228 3642 Quid
248 3585 420 3639 memorem,
442 3565 566 3626 Alciden
586 3565 678 3628 Furia
698 3568 770 3628 haec
791 3576 823 3627 ut
844 3563 975 3643 adegerit
994 3563 1086 3645 ipsum

231 3649 337 3711 Mollia
358 3649 473 3711 robusta
492 3668 612 3730 carpere
632 3667 721 3733 pensa
742 3647 850 3709 manu?

85 3737 129 3792 25
150 3729 265 3812 Quique
285 3743 467 3813 peragratum
486 3734 622 3794 monstris
641 3742 813 3815 purgaverat
830 3730 946 3803 orbem,

19 3961 21 3968 Ι
123 3902 157 3958 τι)
171 3905 239 3951 liaeo
256 3907 395 3962 retentarum
414 3909 561 3962 Fragmenta
579 3905 710 3953 sumsimus
724 3918 739 3953 e
753 3905 850 3954 sciretis
863 3907 923 3952 tiss.
939 3912 1003 3959 enne
1016 3905 1073 3947 sunt
1087 3898 1111 3946 in
1125 3899 1159 3946 ti-

20 3995 22 4008 ι
61 3961 117 4008 ioris
135 3962 266 4008 Voselonls
287 3963 450 4010 Bibliothecae
470 3963 605 4010 LeidensIs.
626 3966 657 4010 D.
671 3967 701 4010 tt.
719 3987 749 4000 -
777 3967 904 4010 nnmemor
917 3965 968 4007 tum
983 3959 1027 4004 iuit
1041 3960 1160 4004 ltutmke·

61 4021 130 4073 nlus,
146 4020 209 4072 quod
223 4019 277 4074 ipse
291 4019 381 4066 fatetur
395 4020 420 4066 in
434 4020 509 4075 praei.
525 4021 660 4076 pag.xv11.
676 4020 729 4077 (ed.
744 4027 819 4068 nostr.
826 4017 926 4074 XXVL)
940 4020 983 4062 illa
996 4017 1044 4060 ism
1060 4019 1160 4060 exstare

21 4099 22 4104 =
61 4076 89 4120 in
106 4075 305 4122 tennensium
319 4077 422 4124 aristot.
437 4079 522 4123 tithics
537 4079 604 4124 'font
620 4079 660 4123 111.
675 4077 705 4123 R.
720 4084 774 4132 μᾶς.
791 4077 844 4128 2⁹6.
861 4073 916 4120 tat.
932 4067 973 4120 uni
987 4084 1059 4126 ιιιιιιιιι
1074 4073 1160 4138 eedem

21 4113 24 4243 p
62 4133 577 4246 {ffitg{⁶„‡dffirpd121⁰⁸ffpesffipffiffinmussr
576 4166 602 4236 ,L
603 4134 643 4180 hle
657 4134 706 4182 lam
720 4133 899 4191 proponendam
913 4130 1065 4180 decrevimus
1080 4130 1159 4175 emto-

23 4257 25 4322 j
123 4263 176 4309 xil.
192 4273 230 4308 vs.
246 4262 269 4308 l.
296 4263 415 4320 Loquitur
429 4264 577 4312 devenere.
604 4263 650 4310 Fu.

23 4325 26 4376 1
124 4336 167 4392 Vs.
185 4335 223 4384 1⁶.
251 4338 280 4381 ln
295 4334 333 4380 ed.
348 4334 418 4392 [pag.
433 4337 463 4382 it.
479 4335 548 4392 296.)
562 4336 765 4392 boeclegunturt
791 4387 793 4392 ,

261 4409 341 4462 Haec,
355 4407 426 4454 motat
438 4419 554 4463 oppressa
566 4410 658 4464 pontus
670 4409 728 4456 tom
741 4409 817 4456 metue
830 4407 910 4454 boida.
939 4407 984 4454 is.

124 4483 167 4527 Vs.
183 4482 222 4527 23.
251 4481 296 4526 Ed.
311 4481 423 4526 Aetnen.
452 4483 497 4527 Fra.

107 4565 208 4612 muner.
221 4559 390 4610 (bravonii.
406 4561 569 4619 (bonumir.
578 4560 642 4608 ion.
650 4559 687 4619 1.)
907 4533 951 4600 23
