2980 5074
270 269 337 344 256
655 261 667 274 '
693 259 947 328 mvnmmtut

359 435 361 446 '
437 431 588 512 Rabiequc
606 451 693 494 caeca
713 443 743 492 te
764 441 794 492 et
814 441 879 493 tues
900 443 1072 507 vexaverat,

437 517 515 590 Hac,
532 516 585 576 bac
603 536 686 576 mauu
700 527 784 595 atque
799 515 864 589 bec,
881 514 968 576 bucce
985 514 1093 594 gladio,
1111 521 1193 596 quem
1205 513 1301 591 videt,

306 633 315 652 ν
353 607 417 668 tte
437 599 646 662 consauciatus
669 610 700 660 et
719 599 849 659 omnibus
872 597 1007 659 membris
1029 599 1108 670 lacer

437 682 551 746 undam
571 683 683 744 cruoris
707 694 736 742 et
758 682 879 742 animaru
898 683 1023 766 evqmuit
1045 682 1141 742 simul.

437 766 532 829 BRU.
554 765 611 840 lte,
631 767 682 840 ite,
698 767 789 838 cives,
806 765 956 826 convolate
968 765 998 824 in
1013 766 1141 826 curiam:

436 849 566 914 Mentem
587 870 660 910 neve
682 858 809 908 saturata
831 850 888 908 iam
910 847 1083 927 spectaculo.
1137 861 1141 874 ·

438 933 574 994 immanis
595 932 646 992 ille
667 931 758 1004 latre,
780 932 829 1011 qui
851 950 971 1010 regnum
990 951 1044 992 sua
1065 950 1070 962 ’·

354 1021 418 1080 tat
436 1016 497 1078 lanr
519 1035 571 1096 spe
592 1025 724 1088 vorarat,
747 1016 857 1094 patriae
877 1029 1033 1094 oppressae
1054 1013 1208 1088 incubans,

438 1098 546 1160 Anima
565 1097 678 1179 probris
699 1099 784 1178 plena
805 1097 935 1158 omnibus
959 1099 1097 1178 spliatus
1119 1108 1175 1160 est.
1199 1171 1200 1174 Ἴ

439 1182 502 1254 lte,
525 1193 555 1242 et
576 1180 699 1242 cadaver
718 1180 787 1240 iliud
808 1181 979 1250 obscoenum
1000 1181 1072 1240 feris

405 1310 407 1324 .
438 1263 518 1328 Date
540 1262 720 1338 laniandum,
743 1285 798 1343 que
819 1266 908 1324 feram
929 1265 1078 1330 absumant
1098 1264 1189 1324 ferae.

438 1347 552 1409 CASS.
573 1347 795 1430 Erymanthium
816 1347 970 1427 perculerit
991 1345 1110 1408 Alcides
1132 1365 1249 1428 aprum,

358 1435 422 1494 460
440 1430 627 1513 Hydramque
648 1432 768 1492 flammis
789 1432 963 1510 pertinacem
984 1431 1155 1503 extinxerit,

439 1513 626 1595 Lapsumque
643 1515 724 1575 caele
746 1515 905 1594 iterumque
925 1514 1006 1574 caele
1024 1511 1175 1576 redditum.

442 1595 613 1658 confecerit
632 1598 760 1658 leeneme
785 1597 815 1658 in
837 1617 893 1657 uno
917 1616 1038 1677 corpere

441 1681 587 1742 Sexcenta
605 1680 688 1740 nobis
710 1690 837 1741 menstra
859 1679 999 1742 debellata
1021 1689 1097 1742 sunt.

441 1763 622 1826 Sistrenuis
646 1765 738 1823 iustus
760 1761 843 1823 datur
863 1763 948 1822 factis
966 1763 1079 1836 bones,

356 1851 419 1910 tes
440 1848 523 1919 Tua,
544 1845 653 1918 Brute,
677 1847 767 1906 fustes
790 1845 936 1926 ampliabit
955 1845 1059 1924 gloria.

439 1928 534 1991 BRU.
559 1929 728 2008 Quicunque
751 1940 845 1989 mente
866 1929 987 2010 patriam
1008 1949 1094 1990 saeva
1115 1929 1237 2009 premit,

439 2015 572 2094 Suosque
592 2015 672 2074 cives
695 2012 810 2086 subiit,
834 2023 866 2072 ut
888 2032 1007 2084 servos,
1031 2013 1106 2084 sibi,

348 2151 351 2163 ‚
436 2093 516 2157 Dum
537 2096 709 2158 blandientis
731 2097 788 2158 iam
810 2107 889 2156 tenet
909 2116 1045 2168 summurn
1067 2107 1166 2169 rotae,

353 2173 357 2182 ¹
440 2179 581 2260 Ipsosque
602 2200 693 2261 paene
712 2181 813 2240 temnit
834 2179 961 2259 aequalis
985 2178 1071 2240 dees:

271 2307 275 2318 .
356 2265 420 2323 470
441 2263 532 2324 Simul
555 2275 640 2342 atque
661 2282 761 2325 versus
784 2273 879 2322 cessat
899 2273 1040 2325 astrerum
1061 2262 1160 2336 favor,

440 2344 483 2405 Et
502 2348 670 2407 constitutas
691 2357 801 2426 tempus
823 2343 941 2407 adduxit
960 2346 1058 2418 vices,

439 2425 542 2502 Cadit,
566 2449 673 2510 sueque
695 2441 808 2490 ceteros
829 2449 898 2488 casu
918 2438 1030 2500 monet,
1064 2445 1066 2448 ·

438 2510 558 2582 Virtute
579 2511 710 2594 dempta,
733 2533 769 2574 ne
792 2510 1025 2590 quidaeternum
1044 2519 1152 2590 putent.

334 2626 337 2639 ·
425 2591 554 2670 ¹CASS.
579 2596 648 2668 Sic,
673 2596 716 2655 sic
736 2595 851 2676 tyranni
872 2593 982 2654 debitas
1004 2587 1110 2674 peenas
1129 2594 1231 2666 luant,

360 2682 422 2738 aaa
443 2676 650 2758 Nunquamque
674 2679 752 2738 sicca
771 2671 975 2756 finjaut'vitam
998 2695 1080 2738 nece.

444 2757 554 2820 Eamus
577 2762 663 2834 binc,
687 2773 717 2822 et
735 2759 839 2826 editam
861 2758 999 2840 Capitolii

444 2843 620 2906 Scandamus
641 2861 748 2906 arcent.
772 2842 866 2906 Rome
886 2841 998 2905 tandem
1018 2841 1110 2903 libera
1132 2851 1187 2903 est.

428 3062 430 3065 ·
498 3023 1139 3092 cauponulacuettus.
1237 3065 1241 3072 ·

384 3165 387 3174 ’
440 3144 555 3238 Eheu,
579 3167 641 3245 quis
663 3187 747 3228 aures
769 3167 888 3227 nuntius
912 3167 1009 3246 tetigit
1029 3185 1127 3239 meas,

442 3246 595 3330 cecidisse
618 3249 681 3309 dira
702 3249 858 3310 Caesarem
880 3249 964 3310 Bruti
984 3249 1090 3309 manu?

360 3333 423 3390 tce
443 3331 470 3390 0
494 3333 666 3392 somniorum
687 3335 742 3394 iam
764 3336 848 3394 nimis
871 3354 967 3394 veram
987 3331 1089 3397 fidem!

206 3425 255 3475 tte
337 3448 342 3458 x
442 3413 493 3474 sic
515 3416 780 3503 miseraxquendam
800 3417 900 3477 Troici
922 3418 1026 3476 coniux
1046 3413 1143 3484 senis,
1240 3443 1249 3450 Ἣ
1294 3422 1296 3436 “
1329 3435 1338 3448 “

404 3555 411 3568 ,
444 3497 731 3572 Quam‘somnierat‚
756 3500 821 3560 tulit
840 3511 870 3560 et
891 3506 1017 3580 experta
1030 3509 1076 3558 est
1097 3498 1199 3556 facem.

444 3579 490 3652 0,
515 3600 587 3660 quae
611 3580 701 3643 deleri
724 3583 811 3646 verba
832 3583 972 3644 sufficiant
994 3579 1080 3645 meu?

440 3660 571 3724 Dehisce
591 3676 686 3739 terra,
709 3685 808 3746 meque
830 3665 1018 3730 miserandam
1039 3665 1156 3742 abripe,

358 3753 420 3810 483
440 3744 502 3804 Aut
521 3767 572 3808 ves
594 3748 709 3809 nefandi
731 3749 908 3830 parricidae,
933 3749 1007 3820 buc,
1028 3747 1083 3806 buc
1104 3747 1160 3804 cito
1247 3772 1251 3780 ·

444 3827 552 3889 Venite
574 3851 677 3909 gressu
685 3875 695 3905 ,
718 3853 828 3912 quoque
851 3833 928 3892 ferre
950 3832 1101 3907 coniugem

442 3909 542 3972 Meum
563 3917 706 3988 necastis,
729 3937 791 3989 rna,
813 3937 857 3974 me
879 3913 977 3974 eodem
997 3915 1099 3973 tollite.

446 3994 577 4056 Secunda
599 4009 710 4058 vestras
733 3999 825 4058 bestia
849 4008 982 4077 exspecto
1003 4015 1114 4055 manus.
1167 4029 1169 4032 ·

442 4075 555 4160 Cupide
577 4080 734 4144 madentem
757 4081 899 4160 coniugali
921 4081 1061 4160 sanguine
1202 4074 1212 4086 '

332 4285 375 4332 vs,
390 4283 445 4330 ter.
475 4285 567 4331 Unam
580 4287 676 4331 meere
690 4285 766 4346 abitt,
782 4289 899 4334 senecam
913 4285 1020 4334 imitatus
1035 4285 1147 4342 (Hippot.
1161 4281 1232 4340 498.)
1261 4283 1354 4328 Nonus.

331 4357 375 4406 Vt.
389 4355 445 4406 464.
473 4359 526 4407 Hoc
539 4357 565 4406 in
578 4369 654 4408 versu
668 4369 771 4408 caesura
786 4359 945 4411 desideratur.
955 4376 963 4386 .
973 4361 1064 4432 menon.
