2960 5070
298 268 363 364 eas
418 347 424 354 .
623 251 625 256 ’
690 243 965 365 ¹ruvnnrra'nnr

451 459 590 531 Vassis,
614 458 674 530 ait,
697 460 768 520 sorti
790 458 922 530 convenii
937 458 1000 518 ista
1018 455 1106 519 tuae‘l

383 541 438 604 Ille
457 543 528 601 nihil
549 551 713 614 cunctatus,
739 542 811 613 eho,
836 539 965 620 quidnam
990 541 1090 601 velat?
1112 543 1220 621 inquit:

467 625 583 705 Quippe
601 643 665 686 meo
686 635 752 684 sunt
773 623 843 683 haec
866 635 948 702 parta
969 622 1068 684 lalrore
1088 625 1176 683 miliia

384 708 505 791 Quoque
526 707 617 790 nagia
637 707 760 780 credas,
784 706 885 785 grandi
908 717 1021 768 mutoue
1042 718 1171 779 retecto,

313 796 364 858 ,10
466 791 531 853 lloc
554 791 640 866 milri,
662 791 723 863 ait,¹
742 792 834 851 loson
855 789 923 850 talia
945 808 1015 850 aare
1035 791 1121 851 solet.

239 979 289 1031 oe
343 957 459 1068 nxlx.
502 972 549 1034 uu
568 967 905 1064 consnveronnnr
924 969 1083 1034 uranon
1102 963 1332 1034 rnonrxnnr.

385 1090 528 1195 Quonam
549 1121 711 1194 scriblitae,
733 1141 851 1202 quonam
871 1122 928 1182 ista
947 1121 1121 1200 sophismata
1139 1121 1253 1201 plenis‘l

467 1209 524 1272 Vis
543 1206 616 1268 bene
637 1205 770 1266 convivas
792 1203 934 1287 pascere?
954 1223 1028 1286 pona
1048 1205 1162 1266 lauaem.

416 1387 515 1450 Lxx.
557 1385 704 1450 ΑΝΝΑΕ
725 1383 916 1449 eonardo
932 1383 1270 1449 andromedae

224 1544 228 1574 ³
300 1563 302 1568 v
382 1508 494 1601 Aurea
512 1537 690 1610 caesariem,
712 1535 859 1617 praedulci
881 1545 1018 1618 argentea
1038 1557 1128 1611 voce,

467 1619 526 1682 llei
547 1620 637 1694 ouili,
660 1639 712 1682 cur
732 1618 804 1680 duro
824 1621 920 1700 ferrea
940 1619 1027 1682 eorde
1048 1620 1171 1682 manes?

424 1834 428 1854 .
521 1795 637 1899 uxxr.
679 1799 898 1865 ronannr
926 1799 1162 1866 nnnrano.

213 1981 214 1984 ¹
313 1951 316 1968 '
384 1919 426 2011 Si
448 1969 532 2011 sacer·
550 1949 679 2010 aetherio
699 1951 780 2011 furor
800 1953 907 2012 excitat
926 1952 993 2032 igne
1015 1955 1130 2034 politas,

426 2082 429 2090 ,
466 2032 648 2112 Eosdemque
668 2033 785 2094 assiduo
805 2034 934 2116 lampade
956 2045 1047 2095 lorrel
1068 2033 1179 2108 Amor,

353 2184 356 2190 ,
384 2115 524 2190 Miraris,
548 2116 654 2177 solidos
676 2137 728 2182 our
747 2137 810 2178 nam
830 2117 981 2179 exhaurire
1001 2119 1143 2192 trientes,

468 2199 608 2280 Donaque
628 2199 738 2262 Lenaei
759 2217 872 2264 sunere
893 2201 982 2282 patris
1004 2201 1122 2262 amenti

248 2277 250 2295 '
344 2280 463 2348 &Auta
486 2282 560 2342 diern
582 2284 710 2362 geruinus
733 2285 854 2346 miseros
875 2285 1055 2363 extingueret
1074 2281 1179 2356 ardor,
1287 2318 1290 2326 ι

467 2365 509 2428 Ni
533 2365 615 2427 darei
634 2365 767 2428 assiduus
789 2367 901 2448 frigora
921 2378 1004 2446 grata
1024 2367 1111 2428 latex.

395 2547 526 2609 uxxn.
570 2545 790 2609 sunnnnno
811 2509 955 2634 an1s'ro
969 2545 1290 2666 ununpsannnsr.
1319 2565 1324 2578 x

386 2667 429 2756 Si
450 2715 514 2756 mea
533 2715 566 2756 se
592 2697 693 2758 faciles
714 2693 844 2756 dederint
864 2697 893 2756 in
914 2695 1182 2773 voteflnrnoenae,

470 2779 512 2839 Ut
532 2799 584 2860 per
604 2779 685 2860 plura
706 2799 797 2839 meum
819 2780 935 2840 saecula
955 2800 1069 2843 carmen
1092 2791 1156 2853 eat,

367 2863 433 2924 ''Iu
452 2862 562 2943 pariles
579 2881 687 2922 meeum
709 2863 826 2923 memori
847 2863 1039 2926 celebraberis
1060 2883 1131 2924 aevo
1140 2907 1152 2936 ,

470 2944 512 3004 Et
531 2945 583 3004 nihi
604 2947 710 3026 scripio
730 2958 811 3007 vetus
834 2966 886 3026 per
908 2967 969 3006 mea
990 2948 1188 3017 nomenerit:
1327 3013 1329 3015 ,

345 3027 441 3090 osio
462 3025 529 3170 Isim]
551 3029 626 3088 cuim
645 3029 741 3089 verbis
765 3040 795 3088 et
815 3028 923 3110 pondus
946 3040 975 3090 et
997 3049 1079 3091 omen
1101 3025 1216 3113 abesto)
1321 3038 1323 3042 ’

502 3131 539 3170 on
559 3121 679 3171 seaeant
700 3111 812 3172 domino
834 3113 944 3190 longius
967 3112 1016 3172 illa
1037 3117 1105 3184 suo;
1252 3119 1255 3130 ’

387 3191 455 3256 Non
476 3205 570 3253 tamen
592 3193 702 3253 idcirco
723 3195 776 3254 tihi
797 3194 974 3274 displicitura
994 3196 1125 3274 putabam
1162 3205 1164 3212 ⁴
1252 3214 1254 3217 ’

470 3276 552 3338 Ilaec
573 3279 668 3356 anagni
688 3277 719 3338 in
741 3288 770 3339 io
797 3279 884 3340 animi
906 3279 1026 3360 pignora
1045 3298 1134 3367 parva
1154 3277 1221 3339 nei.

523 3477 526 3484 ’
562 3457 707 3519 LXXIII.
750 3457 911 3521 MARIO
939 3459 1133 3522 enuclo.

277 3673 279 3680 ¹
315 3618 321 3628 '
362 3575 504 3688 ¹Forma
523 3618 618 3673 actare
638 3609 731 3688 peril:
753 3609 830 3669 vires
854 3615 946 3670 aelam
966 3610 1122 3672 fatiscunt:

449 3734 453 3742 .
472 3689 596 3751 Casibus
616 3691 772 3754 innumeris
795 3693 955 3771 eripiuntur
974 3692 1060 3771 opes:

387 3773 471 3848 Una,
495 3773 591 3846 Mari,
615 3785 660 3833 esi
681 3777 787 3847 virtus,
811 3795 892 3855 quarn
916 3797 971 3834 non
993 3772 1037 3836 vi's
1060 3776 1195 3856 temporis
1215 3775 1327 3848 uuffirl,

471 3856 539 3916 Non
560 3858 663 3937 premit
682 3856 797 3936 indiguo
818 3878 884 3918 sors
904 3858 1019 3917 inimica
1039 3857 1123 3938 pede.

347 3946 368 4000 o
388 3941 454 4001 Una
474 3957 542 3999 suos
565 3941 671 4000 invicta
690 3934 863 4021 perennibus
886 3941 988 4001 inserit
1007 3943 1114 4013 astris,

472 4021 618 4083 Fortunae
638 4023 757 4102 irnperio
779 4024 881 4084 liberal
901 4044 957 4084 uua
978 4044 1057 4084 suos.

389 4104 472 4164 Hanc
494 4123 623 4185 sequere.
667 4105 765 4166 lusani
788 4117 834 4166 est
852 4119 1022 4187 postponere
1042 4108 1129 4178 lirnra
1144 4103 1280 4176 caducis,

471 4189 607 4268 Veroque
624 4209 696 4269 quae
717 4191 791 4250 bona
810 4201 896 4274 spot,
920 4209 1074 4270 spernere,
1097 4189 1170 4249 falsa
1192 4189 1284 4268 sequi.

365 4368 470 4428 nym.
491 4379 529 4418 va.
545 4367 583 4420 1⁰.
610 4369 663 4418 Hoc
676 4391 704 4406 ··
717 4367 804 4427 limera
832 4371 895 4434 Iano,
910 4373 956 4422 mc
969 4395 997 4408 -
1009 4366 1087 4428 rocoa
1115 4374 1224 4421 sanun.
