2960 5070
265 365 332 434 eoo
617 385 620 398 ν
675 360 928 430 rovnurmom
1033 421 1072 447 „

306 539 326 592 e
346 533 410 597 Nec
428 532 482 594 tihi
503 533 542 594 sit
562 529 649 594 duros
668 531 783 592 acuisse
803 533 833 592 in
853 532 980 592 earmina
1000 529 1121 606 dentes,

325 637 327 644 ’
431 615 566 677 Carmina
588 634 660 695 quee
679 617 801 695 propriis
823 616 941 695 scripsit
962 616 1053 676 Amor
1074 613 1214 676 manibus.

348 701 408 760 Seu
430 709 496 760 sont
516 707 599 778 gruta
618 697 690 770 riti,
711 717 766 776 qua
789 697 882 757 iroute
902 699 1042 778 placentia
1064 697 1184 778 culpes?

359 779 362 785 ¹
432 784 490 846 Seu
510 783 620 854 minus,
643 783 740 859 eequis
760 791 789 839 te
811 782 888 859 cogit
908 792 939 840 ot
960 781 1010 840 iiia
1029 779 1134 860 iegas‘i

347 866 433 927 Seria
454 867 479 926 si
499 866 633 944 quaeris,
657 883 712 923 non
735 873 800 942 sunt
823 862 870 922 hic
891 865 984 935 seria,
1007 865 1114 942 lector:

284 952 324 1007 10
430 947 565 1020 Scribere
585 957 739 1006 amatorem
762 946 838 1006 seria
860 965 945 1026 posse
966 945 1072 1028 putas?

348 1031 412 1096 Noe
434 1034 517 1110 ignes
541 1032 685 1102 canimus,
708 1029 790 1110 pueri
812 1049 865 1098 nos
886 1029 945 1088 teia
963 1031 1106 1104 volantis,

429 1115 534 1174 Omine
553 1135 609 1173 non
629 1113 723 1172 fausto
745 1111 859 1190 cognitu
879 1113 936 1171 teia
958 1113 1046 1185 mihi,

348 1197 389 1258 Et
408 1197 566 1268 dominam,
589 1199 670 1256 cuius
692 1196 744 1255 sub
768 1214 886 1260 amoena
907 1196 1001 1258 fronte
1023 1196 1150 1257 relucent

428 1278 568 1353 Lumina,
584 1277 713 1355 =sidereis
737 1278 846 1338 aemuia
869 1279 1041 1352 luminibus,

283 1370 325 1424 *tu
348 1362 469 1424 Lumina
491 1363 624 1424 materies
647 1360 758 1421 ardoris
780 1362 899 1421 maxima
921 1363 1030 1433 nostri,

428 1445 571 1518 Lumina,
593 1465 666 1526 quae
686 1457 807 1504 mentem
829 1445 994 1522 surripuere
1016 1443 1102 1506 mihis

346 1529 429 1595 Haec
452 1548 506 1608 ego
529 1529 591 1588 sola
611 1547 726 1599 oenum,
749 1526 814 1586 dum
835 1524 935 1586 dorida
954 1547 1007 1587 uer
1026 1540 1093 1606 aget
1116 1537 1213 1588 aetus:

428 1611 477 1673 sir
494 1611 592 1692 procul
613 1611 679 1670 hine
700 1612 812 1690 tragico
834 1622 959 1690 syrmate
979 1609 1068 1670 Musa
1088 1621 1210 1670 tumens.

348 1695 439 1767 Post,
461 1714 524 1754 mea
544 1714 607 1754 cum
628 1694 706 1754 multi
727 1691 904 1770 distinguent
923 1704 1051 1773 tempora
1071 1695 1155 1766 cani,
1242 1713 1256 1766 ᾗ

283 1783 326 1838 20
429 1777 554 1840 Venerit
575 1786 605 1835 et
624 1776 746 1836 tremulo
767 1796 854 1837 curva
875 1787 990 1836 senecta
1010 1775 1120 1855 gradu,

346 1861 427 1922 Tunc
447 1859 517 1918 mihi
539 1860 577 1918 sit
598 1878 683 1918 curae
704 1859 782 1918 Solis
803 1858 968 1939 perdiscere
988 1853 1119 1930 cursum,

427 1940 531 2014 Anne,
552 1953 582 2002 et
602 1959 675 2020 quae
695 1953 816 2002 noceant
836 1940 949 2014 sidera,
971 1961 1099 2021 quaeque
1118 1943 1227 2012 iuvent,

308 2095 310 2098 ¹
347 2026 427 2102 Quot
446 2026 555 2086 caelum
575 2035 690 2103 teneam
711 2044 820 2096 zonae,
843 2036 913 2103 quot
934 2026 1062 2106 partibus
1083 2024 1161 2084 orbis

429 2107 567 2180 Constet,
590 2118 620 2167 et
643 2106 716 2167 unde
732 2107 838 2168 cadant
857 2109 994 2182 fulmine,
1019 2128 1105 2170 curve
1126 2105 1238 2169 cadant.

284 2198 325 2253 tt
343 2193 481 2264 Utamur,
506 2190 570 2251 dum
589 2191 648 2250 fate
666 2192 779 2264 sinunt,
803 2190 968 2251 melioribus
989 2193 1091 2263 annis,

430 2274 470 2335 Et
489 2285 548 2355 tote
570 2274 653 2334 nohis
675 2284 768 2334 mente
788 2275 899 2342 colatur
918 2274 1028 2334 Amor:

344 2357 421 2420 Duru
444 2356 527 2418 decet
544 2365 576 2416 et
595 2367 693 2436 postes
715 2367 852 2416 nocturna
873 2357 1007 2435 frangere
1027 2359 1109 2428 rixa,

426 2440 494 2501 Nec
514 2438 605 2518 pudor
624 2449 670 2498 ost
690 2442 786 2498 vernis
807 2440 887 2500 frons
911 2439 1043 2502 redimita
1064 2441 1158 2500 rosis:

344 2522 421 2584 Dum
441 2522 524 2583 decet
544 2531 574 2581 et
594 2531 716 2582 mentem
739 2523 796 2582 leni
818 2522 928 2582 vincire
946 2522 1066 2603 Lyaeo,

239 2658 245 2673 ,
283 2611 324 2668 50
426 2605 469 2666 Et
488 2603 618 2664 dominae
639 2605 751 2664 clausas
774 2613 840 2664 'ante
862 2605 957 2666 iacere
981 2606 1072 2666 iores.

344 2687 468 2750 Auferet
488 2687 558 2748 haee
579 2706 693 2759 secum,
715 2687 794 2746 velut
812 2686 906 2747 aufert
926 2689 1036 2760 omnia,
1059 2701 1187 2768 tempus:

428 2769 550 2843 Cernis,
575 2780 607 2828 ut
628 2769 717 2842 hera,
739 2769 821 2842 dies,
843 2771 949 2830 mensis
971 2782 1000 2832 et
1020 2791 1109 2832 annus
1131 2771 1221 2832 eunti
1274 2827 1277 2836 i

345 2854 405 2930 Qui
426 2852 513 2938 model
528 2853 663 2932 usgiba,
685 2874 758 2913 nuuc
780 2864 825 2912 est
846 2874 932 2934 puer,
953 2852 1020 2914 inde
1042 2865 1161 2934 repente
1221 2923 1223 2929 ,

427 2937 474 2998 De
492 2957 581 3017 puero
601 2937 731 3008 iuvenis,
754 2957 819 2996 ruorr
839 2937 884 2996 vir
903 2948 933 2996 et
952 2936 1018 2997 iude
1039 2957 1137 2998 senex.

212 3071 221 3102 ,μ
282 3027 323 3082 dii
344 3021 442 3098 Quare
462 3021 596 3080 florentes
617 3019 917 3100 aptusquecaioribus
940 3039 1029 3079 annos

429 3103 568 3182 Quisquis
590 3104 675 3182 agis,
696 3102 823 3163 Veneris
845 3103 908 3162 vive
929 3103 982 3162 sub
1004 3103 1140 3182 imperior,

344 3185 392 3250 Ne
413 3188 520 3247 frustra
541 3185 645 3246 aetatis
665 3185 777 3244 meliori
797 3196 877 3263 parte
897 3196 1031 3265 peracta,

427 3269 538 3332 Vivere
558 3279 625 3328 tuno
645 3268 763 3348 cupias,
784 3268 882 3328 vivere
902 3287 964 3328 eum
986 3287 1121 3347 nequeas.

179 3381 246 3502 ’.η
430 3416 434 3422 ·
507 3417 564 3482 rv.
608 3415 839 3514 penora
872 3417 1100 3480 ruerus,

311 3590 314 3596 ,
342 3499 436 3596 Sere
456 3535 555 3615 cupis,
579 3553 651 3614 queo
672 3536 712 3594 sit
730 3545 858 3595 votorum
880 3555 987 3596 summa
1005 3555 1150 3608 meorum,
1212 3584 1217 3587 .

424 3616 466 3678 Er
485 3637 540 3696 que
562 3619 714 3698 praecipue
735 3618 832 3678 vivere
853 3616 933 3679 sorte
954 3617 1061 3678 velint
1191 3625 1193 3634 ’

302 3757 303 3766 ,
341 3698 409 3762 Νοιι
429 3699 486 3779 ego
505 3710 581 3762 tecte
602 3700 672 3762 mihi
692 3699 830 3781 Phrygiis
852 3702 950 3761 innixa
971 3701 1127 3773 columnis,

424 3781 533 3844 Divitis
552 3794 602 3843 eut
622 3783 684 3844 nuri
705 3782 831 3864 pondera
851 3783 928 3844 milie
949 3795 1059 3870 petere,

282 3871 320 3926 u
341 3864 408 3928 Noe
429 3867 466 3927 alr
486 3865 650 3947 Erythraeo
671 3865 840 3946 repetendas
864 3868 960 3928 littore
981 3867 1124 3950 concitae,

397 3996 400 4000 .
423 3948 485 4009 Aut
505 3969 577 4030 quae
598 3959 733 4010 centenus
753 3951 856 4028 iugera
925 3971 973 4010 rus
994 3961 1078 4021 arct3

342 4033 403 4096 Sed
424 4041 516 4092 tecum
537 4033 639 4111 longae
662 4032 811 4093 traducere
831 3957 959 4112 tt‘dra
977 4034 1076 4104 vitae,

423 4117 615 4194 Securumque
635 4126 685 4175 tuo
705 4135 818 4195 semper
838 4135 934 4176 amore
955 4116 1023 4176 frui.

288 4275 293 4288 ,
328 4201 421 4262 ‘Tunc
443 4219 498 4279 ego
519 4218 675 4280 purpureos
697 4199 805 4278 possim
826 4210 1008 4260 contemnere
1029 4209 1131 4279 reges,

252 4385 357 4495 ,yffi
369 4363 608 4486 vy'q‘offfigcm
627 4376 762 4437 recreemur
782 4379 806 4426 tn
827 4383 897 4430 tenta
914 4349 1024 4430 torculum
1045 4381 1187 4430 resumtum
1206 4377 1287 4436 repit
1298 4380 1362 4431 vir
1388 4370 1401 4394 '
