2978 5068
190 368 196 386 ·
228 305 323 400 'tas
501 299 505 308 ’
677 312 790 396 uera
817 299 941 394 ratiti

256 503 386 563 animose
413 498 463 561 sed
485 509 516 560 ta
537 510 622 560 etvea
643 505 737 558 aetate
758 517 802 573 es,
825 509 857 558 ut
875 519 1032 580 properare
1053 521 1108 560 non
1126 499 1252 575 debeas,
1274 513 1304 562 et
1321 521 1359 563 eo

255 586 392 665 ingenio,
415 595 457 656 ut,
481 587 507 644 si
529 583 609 644 firma
632 601 666 642 ae
689 579 781 641 solida
804 580 951 642 doctrinae
974 581 1155 644 fundamenta
1178 587 1297 660 iecoris,
1320 585 1359 646 ad
1387 655 1396 672 ·
1475 655 1476 668 χ

254 689 365 739 summe
389 669 484 728 omnia
505 669 590 727 tacite
613 676 800 747 perventurus
823 685 890 726 esse
913 666 1050 728 videaris.
1105 669 1179 728 Nam
1201 668 1276 750 quod
1298 671 1355 741 ais,
1422 714 1427 724 .
1475 673 1476 724 t

257 754 321 813 sine
342 752 504 831 eloquentia
525 751 626 810 araitos
649 747 683 808 ad
706 769 842 808 summam
858 751 1069 830 amplitudinem
1090 755 1269 832 pervenisse,
1292 754 1359 814 siae

257 837 400 917 sapientia
421 829 578 904 neminem:
602 833 699 894 verius
716 831 861 906 dixisses,
886 845 915 894 et
929 836 993 894 siue
1012 835 1154 914 sapientia
1176 846 1206 896 et
1220 837 1283 899 sine
1297 837 1360 898 elo·

257 921 373 1000 quentia
387 925 417 979 et
433 921 495 978 sine
510 920 570 978 ulio
586 937 653 977 vero
668 917 742 976 boni)
765 918 867 976 muitos
885 935 930 989 ea,
954 937 1027 996 quac
1039 919 1124 997 vuigo
1141 919 1282 980 habeatur
1298 941 1359 980 am·

257 1005 399 1084 piissima,
416 1009 445 1062 et
459 1004 533 1062 oiim'
542 1011 711 1061 consecutos
728 999 795 1060 esse
811 1011 839 1060 et
856 1000 983 1079 quotidie
997 1003 1145 1082 consequi.
1168 1049 1170 1052 -
1189 1001 1237 1064 Dc
1254 1003 1358 1083 quibus

258 1088 462 1147 constitueram
480 1087 534 1146 hoc
554 1087 617 1144 ioco
635 1084 767 1164 pluribus,
779 1082 943 1156 disserere
966 1085 1017 1148 sed
1030 1103 1146 1148 avocor.
1190 1087 1266 1148 Tres
1281 1089 1358 1148 enim

257 1171 305 1230 hic
323 1170 458 1229 hebemus
483 1168 673 1242 cardinales,
705 1167 924 1246 Augustarum,
947 1167 1167 1242 Vermionscm,
1190 1169 1356 1230 Aiciatume

258 1253 306 1334 qui
327 1253 397 1317 mihi
421 1273 504 1313 omae
525 1272 612 1332 prope
636 1262 747 1332 tempus
766 1252 900 1332 eripiunt.
946 1251 992 1312 Mt
1013 1251 1115 1324 Rosci,
1139 1253 1257 1332 ignosce
1273 1273 1358 1316 oceu-

257 1337 420 1418 petionibus
442 1338 512 1396 roeis
533 1346 563 1396 et
581 1335 656 1406 vale.
702 1333 823 1396 Tibure.
846 1331 905 1396 111.
927 1329 1006 1396 Noa.
1026 1336 1148 1396 Octobr.
1168 1333 1345 1436 Manx.

680 1505 953 1528 *a*

255 1719 257 1726 ,
324 1634 421 1700 xcv.
477 1621 528 1695 oe
562 1619 918 1696 aarosros
962 1617 1291 1700 sterteres

393 1773 619 1838 HERCULI
641 1762 866 1858 closatto
890 1775 1224 1867 syeMottEttsl

722 1909 752 1968 S.
789 1913 820 1966 P.
856 1915 893 1968 D.
951 1938 955 1946 ·
1121 1903 1125 1908 '

258 2021 378 2133 Accepi
398 2051 528 2112 volumen
549 2052 727 2124 oratiorum:
752 2049 860 2129 dequo
878 2066 943 2128 emo
964 2063 1010 2132 te,
1034 2062 1065 2111 ut
1082 2049 1173 2126 tetes
1187 2051 1355 2132 plurimum

259 2157 295 2197 eo
311 2137 490 2214 simulatque
506 2155 574 2194 usus
593 2155 660 2206 ero,
687 2135 840 2194 remittam.
887 2139 1006 2195 Demere
1023 2147 1137 2215 partem
1152 2138 1188 2196 de
1203 2139 1295 2197 solido
1310 2138 1357 2196 rte

260 2220 334 2300 epod
357 2221 508 2279 Horatium
517 2218 551 2299 i*)
572 2220 635 2278 sine
657 2219 714 2277 uita
735 2217 912 2279 dubitatione
921 2218 977 2297 ii)
996 2230 1042 2279 est
1063 2221 1224 2291 meridiari,
1246 2218 1275 2278 it
1297 2231 1355 2290 est,

261 2308 324 2383 ipso
341 2303 461 2362 meridie
482 2303 579 2362 horem
597 2321 679 2360 unam
697 2313 747 2360 aut
766 2303 886 2362 aiteram
911 2301 1053 2362 dormire:
1078 2301 1151 2382 qood
1169 2303 1216 2382 qui
1235 2303 1355 2374 iaciant,

260 2388 335 2447 diem
356 2386 474 2466 quodam
493 2385 580 2445 ‘modo
601 2387 737 2464 frangunt
757 2406 791 2444 ac
810 2381 949 2457 dividunt,
974 2405 1065 2464 neque
1080 2405 1142 2444 eum
1157 2406 1241 2445 unum
1259 2405 1294 2446 ac
1310 2405 1357 2446 so·

259 2469 347 2536 titum
364 2481 393 2531 et
410 2464 577 2550 ὁλόκληρον
599 2487 666 2530 osse
688 2470 844 2548 patiuntur.
889 2469 988 2548 ltaque
1006 2471 1051 2543 is,
1074 2471 1121 2549 qui
1142 2470 1232 2533 demit
1246 2476 1364 2550 partem'

260 2554 297 2616 ele
316 2552 494 2626 soliioeffie,
517 2553 622 2612 dicitur
644 2552 673 2612 id
695 2554 813 2625 faeere,
835 2571 911 2614 nune
928 2554 1019 2612 vertiti
1035 2555 1160 2614 membra
1177 2555 1229 2614 sub
1251 2555 1357 2614 arbuto

259 2648 392 2708 sortes,
414 2657 491 2696 auae
507 2635 547 2695 od
568 2656 661 2714 oquae
679 2639 741 2702 lene
755 2647 844 2715 caput
856 2655 970 2698 sacrae.
1018 2635 1059 2696 Et
1079 2638 1132 2698 hoc
1152 2639 1245 2716 ipsum
1257 2635 1356 2698 Varro

259 2719 365 2780 alicubi
381 2730 464 2780 vocat
478 2722 550 2778 diem
563 2722 700 2780 decedere.
711 2719 790 2800 see)
832 2717 880 2780 Dc
895 2719 983 2780 verbo
996 2721 1164 2792 deduceret
1183 2741 1236 2780 cur
1249 2739 1284 2781 eo
1298 2721 1356 2780 vim

259 2805 346 2864 uliam
366 2804 523 2881 significari
544 2815 643 2884 putes,
666 2822 721 2862 oon
742 2821 811 2862 sane
828 2802 924 2862 video.
968 2802 1120 2884 Cleopatra
1137 2803 1248 2884 quidem
1264 2823 1357 2882 neque

258 2883 360 2948 'voleus
389 2905 480 2965 neque
507 2887 596 2946 invita
618 2889 648 2946 in
671 2887 813 2966 triumpho
834 2885 918 2946 ducta
940 2899 995 2946 est.
1054 2889 1173 2948 senon
1196 2898 1357 2946 esttamen

260 2969 374 3032 dubium
382 3013 399 3044 ,,
416 2972 556 3030 neminem
579 2971 720 3032 volentem
740 2965 1004 3051 θριαμβεύεσθαι.
1048 2971 1142 3030 Nemo
1159 2972 1234 3030 enim
1254 2971 1355 3029 veiens
1426 3012 1429 3027 .

197 3070 244 3138 atti
261 3057 385 3116 vincitur
403 3065 453 3114 aut
472 3063 578 3134 poenas
601 3051 649 3114 ciet
667 3057 713 3126 ci,
729 3055 875 3120 ,adversus
899 3073 981 3132 quem
1001 3053 1111 3114 beilum.
1130 3055 1233 3132 gessit.
1276 3053 1355 3113 Ver·

258 3159 310 3198 sus
332 3140 374 3198 tui
394 3157 451 3197 noa
471 3139 604 3197 insuaves
627 3149 713 3197 sunt:
735 3150 765 3197 et
785 3139 843 3198 erit
859 3136 927 3196 mihi
943 3151 1070 3215 gratum,
1095 3139 1121 3198 si
1136 3150 1184 3208 te,
1205 3157 1267 3196 eam
1285 3137 1355 3196 iico-

258 3223 317 3293 hit,
345 3223 375 3282 in
404 3221 458 3280 hoc
485 3241 595 3300 quoquc
619 3239 728 3301 genere
757 3241 904 3286 exerceas.
956 3218 1042 3282 Vaie.
1073 3221 1194 3282 Romae.
1227 3219 1282 3282 Νι
1306 3218 1353 3280 ld.

258 3305 349 3366 Mart.
369 3302 596 3389 MDLXXI.†)
686 3356 687 3366 ,

315 3491 349 3545 *J
365 3490 445 3536 cerm.
459 3490 477 3532 1.
495 3488 516 3536 1.
532 3487 570 3534 2⁰.
600 3489 645 3534 Fa.
1402 3479 1410 3510 ‘

316 3563 368 3618 aa)
384 3561 420 3608 cf.
436 3560 490 3606 son.
505 3571 560 3615 pag.
576 3561 613 3606 73.
628 3561 659 3606 a.
687 3559 731 3606 rs.

316 3635 369 3690 ss)
383 3635 425 3681 tlt
447 3633 477 3678 ee
492 3635 523 3679 n.
537 3637 566 3680 e.
581 3634 604 3680 s.
626 3635 650 3690 s.
667 3634 704 3679 aa.
719 3636 759 3680 uos
795 3633 819 3680 rs
837 3645 885 3690 auo
904 3633 992 3692 runos)
1006 3638 1096 3682 cessae
1108 3609 1170 3686 eres
1183 3635 1280 3680 merrae
1293 3635 1356 3679 erer-

260 3693 317 3738 ‹tere
330 3694 419 3738 soleam
432 3713 461 3724 -
474 3693 546 3736 noctu
558 3701 649 3746 poam
662 3694 748 3736 eostre.
795 3726 800 3737 .
817 3692 848 3738 itt.
863 3695 881 3738 t.
897 3691 919 3739 2.
934 3697 957 3738 o.
973 3694 1026 3738 utri:
1046 3695 1148 3752 oesttoo,
1162 3693 1254 3746 inruit,
1275 3693 1354 3742 ritem

259 3753 283 3796 st
293 3759 342 3794 aee
356 3746 558 3802 dtrftaeerem
570 3759 622 3794 areo
635 3749 734 3796 tuttttto
748 3757 831 3796 tonas
845 3751 955 3809 mmm,
969 3753 1049 3796 virere
1062 3755 1222 3803 aoa‘posseo.
1251 3751 1296 3796 lta.

317 3821 352 3882 †)
364 3821 401 3867 De
416 3823 462 3867 hee
473 3821 544 3878 epist
555 3821 605 3866 vid.
615 3820 679 3865 inire
689 3821 714 3865 ia
725 3821 825 3868 Auctor.
838 3823 898 3878 (too.
910 3823 999 3868 Mureti
1012 3824 1127 3878 estsere
1139 3831 1193 3876 pag.
1201 3823 1230 3866 n.
1238 3820 1293 3868 589.
1308 3821 1354 3868 iis.

695 4043 919 4069 ..ω-ω-
