2960 5070
271 283 354 388 ,ase
522 231 525 240 ¹
702 281 956 350 uuvnmuuu

368 447 417 515 De
439 461 576 532 peruncto
599 451 713 531 genitus
735 448 838 530 patrol
858 467 953 512 nonne
973 469 1090 514 sorores
1169 517 1172 525 ⁴

368 537 567 616 kentigerno,
591 537 665 595 vitas
687 535 830 600 hominum
852 552 927 613 quae
948 536 1050 614 pollice
1072 552 1205 616 vorsant,

370 621 444 682 Sunt
465 637 556 698 acque
577 619 701 678 immites
723 618 892 698 generosis,
914 619 1019 679 vililms
1042 621 1156 700 aeque?
1261 655 1265 662 -

307 703 348 765 ‘st
454 701 595 777 Quidnam
618 703 707 781 igitur
729 711 856 781 praestat
876 700 1007 762 mondIco
1027 702 1072 762 hic
1094 706 1198 766 nobilis
1220 707 1295 770 istil

367 785 429 847 Aut
448 781 514 866 quid
538 785 672 845 nobilitas
692 783 805 844 tandem
829 795 874 844 cst
894 785 950 846 nisi
976 787 1070 846 fumus
1090 788 1210 852 inanis?

366 869 442 934 Nom
464 871 490 930 si
509 869 567 930 vim
588 869 699 944 verbi'
683 869 848 958 inspicias,
875 877 905 927 ct
925 868 1020 929 nobile
1042 877 1188 934 scortum

366 950 500 1024 Dicitur,
524 963 554 1012 et
574 951 646 1012 latro
666 946 863 1030 nonnunquam
885 951 1009 1012 nobilis:
1035 955 1120 1014 immo

366 1035 519 1097 Nomine'
511 1047 552 1096 ιιι
573 1046 689 1116 accepto
709 1035 824 1098 Porcius
842 1054 953 1116 qunque
971 1035 1105 1098 nolitis·
1097 1059 1161 1118 ipse
1183 1055 1239 1104 est.

305 1125 405 1182 to
451 1116 511 1180 Sed
532 1135 632 1198 nempe
654 1120 762 1178 insanit
781 1119 900 1197 vulgus,
922 1120 1064 1217 multoque
1081 1137 1195 1184 veratro

309 1202 501 1282 indiget,
527 1199 660 1281 ‘ndignos
679 1199 782 1264 alienis
805 1202 934 1268 muttum
955 1223 1072 1302 ornans
1115 1258 1118 1267 .
1152 1219 1154 1227 '

344 1347 347 1354 ,
413 1287 509 1368 Qui
529 1306 562 1356 se
580 1306 637 1348 nou
658 1286 717 1353 ullo
737 1285 872 1366 deturpat
888 1287 1026 1363 erimine,
1049 1287 1153 1372 quique

363 1339 517 1432 vuitus·
510 1387 649 1467 ingenuas
672 1369 739 1429 totis
763 1370 944 1468 amplectitur
961 1381 1095 1443 arten,

364 1453 395 1513 ls
417 1453 506 1525 milri,
529 1454 570 1513 sit
589 1453 716 1532 quamvis
739 1453 870 1530 genitore
892 1464 1007 1512 creatus
1028 1471 1139 1532 egeno,

302 1543 343 1599 tu
364 1537 480 1598 Nobilis
502 1547 567 1610 est,
592 1547 622 1596 et
643 1537 712 1616 qui,
737 1537 871 1598 vitiorum
893 1537 968 1596 mole
989 1548 1141 1618 gravatus,

363 1619 414 1680 Nil
433 1630 550 1702 praeter
571 1629 695 1680 statuas
704 1628 869 1679 clavorum
891 1619 1004 1678 nomine
1025 1621 1130 1692 iactat,
1226 1649 1245 1656 ··
1329 1627 1332 1636 '

353 1703 399 1766 si
420 1721 519 1764 verum
542 1703 689 1776 excutias,
690 1702 799 1782 longo
820 1683 1033 1806 abiectissipis
1057 1703 1107 1772 illo
1127 1713 1183 1764 ιιι.

404 1851 534 1914 CXXII
576 1850 636 1913 At)
657 1849 795 1914 IANUM
814 1851 1037 1918 ANTONIUM
1058 1851 1247 1919 BAIFIUM.

361 1956 456 2060 lane,
470 1987 536 2046 xmei
558 1983 655 2048 cordis
677 1987 851 2068 longepars
872 1988 1011 2060 maxima,
1034 2007 1152 2068 quocum
1219 2041 1223 2048 .
1251 2051 1253 2059 λ

361 2069 455 2130 Dulce
477 2068 545 2129 mihi
565 2080 612 2130 ost
632 2079 708 2130 totos
732 2071 835 2132 crebro
855 2090 1032 2150 componere*
1046 2072 1144 2143 soles,

361 2153 438 2214 Dum
460 2163 491 2212 tn
512 2165 563 2217 eut
580 2153 713 2217 Niliacae
735 2153 882 2214 meditaris
905 2154 1006 2216 lunera
1027 2153 1171 2230 Thisbes,

360 2237 496 2299 lnliciens
519 2248 582 2296 atro
601 2236 753 2297 condentia
773 2258 876 2316 poma
876 2237 993 2324 colpre,

298 2326 318 2380 s
359 2320 421 2382 Aut
440 2340 509 2401 opus
533 2321 664 2380 eximium
686 2323 812 2383 numeris
836 2280 1004 2380 sublimibus
1027 2331 1130 2402 aptas,

363 2405 499 2484 Syrmate
520 2405 705 2482 conspicuus
715 2405 911 2484 picturatoque
931 2403 1086 2464 cothurno:

361 2486 496 2548 Carmine
520 2505 572 2544 nos
594 2487 692 2549 humili
714 2498 828 2554 nostros
849 2485 1051 2550 includimus'
1039 2507 1180 2565 ’,ιιιιιιι

360 2569 422 2630 Aut
443 2568 577 2632 brevibus
600 2571 717 2648 scriptis
739 2569 836 2630 dulces
856 2569 1126 2643 effomuremicos,
1148 2631 1150 2641 ,

360 2651 422 2714 Aut
440 2653 518 2712 vitiis
539 2654 691 2731 genuinum
711 2653 866 2731 infigimus.
911 2653 1016 2714 Omnia
1036 2674 1089 2712 nos
1112 2653 1183 2713 haec

302 2742 342 2797 ll)
363 2733 487 2799 Parvula
510 2734 680 2796 iuaudaoes:
704 2735 757 2795 tibi
780 2737 824 2794 fas
848 2736 955 2796 maiora
977 2755 1117 2816 parare,

360 2819 416 2878 Cui
437 2829 514 2882 toms
538 2837 571 2882 se
590 2819 719 2882 Helicon
735 2829 867 2900 totusque
887 2817 1009 2898 ¹recludit
1031 2818 1148 2899 Apollo.

360 2901 410 2963 At
430 2903 507 2963 vires
530 2921 565 2971 oe
585 2922 722 2982 quomque
743 2923 812 2963 suas
831 2922 1003 2982 componere
1023 2923 1122 2964 verum
1141 2912 1197 2964 est.

149 3028 162 3126 .’
216 3077 305 3138 ,ιι
374 3066 518 3128 cxxur.
562 3053 1272 3149 susceptionum-rouretum.
1335 3049 1343 3058 “
1463 3147 1464 3164 p

335 3169 486 3262 *Semina
507 3208 573 3260 suut
593 3197 728 3280 quaedam
751 3199 934 3260 nascentibus
956 3200 1043 3260 insita
1063 3201 1166 3272 nobis,

359 3284 471 3357 Qucis,
494 3281 565 3343 dirce
586 3295 706 3356 natura,
732 3280 769 3342 ad
792 3283 886 3343 varias
909 3283 1080 3364 impellimur
1101 3296 1200 3345 artos.

359 3366 414 3426 Ille
435 3363 491 3426 lori
513 3367 620 3426 rabiem
641 3385 802 3464 vesanaque
824 3368 919 3446 iurgia
939 3365 1055 3440 laudat,

360 3447 402 3509 Et
422 3450 540 3529 pavidos
561 3461 644 3550 grata
665 3445 792 3510 defendit
812 3469 884 3511 voce
905 3451 1045 3523 clientes,

296 3505 317 3592 s
354 3533 515 3612 Impatiens
538 3533 594 3593 oti·
620 3545 719 3594 contra
740 3525 790 3592 iric
813 3535 925 3594 sultare
946 3533 1052 3594 carinus
1164 3582 1170 3586 .

361 3616 466 3695 Regna
485 3615 658 3677 tridentiferi
680 3615 785 3696 gaudet
805 3619 895 3696 putris
918 3628 947 3677 et
967 3618 1048 3676 trabe
1066 3627 1149 3680 vasta

357 3699 467 3760 Visere
488 3700 643 3779 longinquo
664 3710 758 3760 terras
781 3699 833 3759 suh
856 3702 917 3760 sole
938 3702 1086 3760 iacentes:

358 3781 501 3861 Prodigus
524 3784 570 3842 hie
592 3785 667 3843 vitae
687 3783 821 3843 violentis
842 3782 955 3843 ducitur
976 3784 1082 3855 armis,

256 3885 259 3892 ·
362 3865 476 3926 Gaudet
497 3875 526 3926 et
548 3865 644 3926 hostili
668 3865 833 3964 stagnantes
857 3867 995 3946 sangnine
1017 3885 1131 3946 campos

282 3955 338 4009 to
361 3949 520 4029 Aspicere,
545 3960 574 4008 et
595 3949 657 4009 litui
682 3952 777 4010 sonitu
799 3960 947 4012 recreatur
966 3960 1070 4032 acuto,

361 4033 415 4092 llle
438 4033 481 4092 sui
504 4051 642 4112 uunquam
662 4031 733 4093 lines
756 4032 895 4095 excedere
915 4034 1003 4128 agelli

361 4114 478 4187 Ausus,
504 4125 580 4175 amat
600 4117 696 4177 tacitis
718 4116 858 4200 deducere
880 4102 1012 4196 passibius
1033 4135 1151 4185 aevum,

359 4157 553 4258 Proscirldens
575 4220 694 4278 magnae
714 4202 852 4280 gremium
874 4200 1023 4279 genitricis
1046 4211 1076 4260 et
1096 4201 1162 4259 altis

360 4281 484 4362 Pinguia
505 4283 674 4361 Triptolemi
698 4285 874 4344 committens
897 4303 1015 4344 munera
1036 4284 1135 4344 sulcis

301 4368 341 4424 ts
443 4365 509 4432 Nos
527 4365 652 4442 Museo,
672 4365 803 4442 lodelle,
826 4355 925 4428 lenient
946 4368 1115 4450 genitorque
1136 4363 1275 4447 Lyaeus,
