2960 5070
220 299 334 368 soa
634 285 639 306 '
682 291 946 358 nmmrnmu
1072 371 1075 380 ¹
1135 269 1139 288 '

352 461 486 529 Prodidit
504 465 568 544 ipse
588 463 670 524 novis
693 479 746 520 sna
768 459 871 540 gaudia
890 461 1009 522 vocibus
1029 463 1140 527 aether.
1211 453 1215 458 ¹

335 549 476 609 -Psailite
496 566 569 608 nune
591 547 638 625 pia
660 543 747 604 corda
767 541 852 615 Deo,
875 565 950 608 nune
971 547 1086 626 psallite
1111 550 1189 630 regi,
1226 611 1235 626 .

353 632 493 702 Psaiiite,
516 629 564 708 qui
587 640 681 688 terras
703 647 801 688 omnes
825 626 934 687 ditione
957 634 1097 692 eo'e‘reeta'

296 708 397 776 ts'Eu
419 715 541 774 mulcete
564 714 626 792 pias
650 709 742 769 doctis
766 711 953 770 concentibus
973 727 1073 774 aures.

354 799 509 880 Imperium
532 797 597 857 sine
619 794 675 853 fine
693 791 775 853 Deus
798 803 857 852 toto
879 793 988 854 obtinet
1008 797 1098 869 orbe,

355 882 396 942 Et
416 891 515 942 saneto
538 879 652 940 iunixus
675 877 749 936 soiio
770 877 847 954 regit
866 879 961 936 onmia
981 880 1079 939 solus:

355 961 500 1026 Ductores
524 961 689 1046 populorum
709 959 788 1018 illins
810 960 894 1036 signa
916 974 1082 1040 sequuntur.

356 1043 664 1127 NamqneIAbrahami
680 1037 760 1102 'aiios
782 1043 868 1120 longe
884 1039 966 1104 Deus
989 1048 1078 1126 anteit
1099 1067 1227 1128 opunes3·

294 1139 337 1194 20
358 1133 448 1196 Senta
469 1149 522 1191 sua
543 1127 645 1190 extulit
666 1125 729 1204 ipse
749 1124 806 1186 alte
828 1126 915 1206 super
935 1125 1024 1188 ardua
1045 1141 1152 1192 terrae.

542 1308 600 1369 111.
644 1263 1098 1395 esuum.n1.<u.2n³n])
1121 1265 1127 1274 ’

401 1428 492 1532 Quin
513 1457 669 1538 gloriaris,
693 1455 821 1538 perfide,
843 1455 909 1536 quid
930 1459 1047 1520 tumes?
1180 1439 1183 1446 ⁴

485 1541 534 1604 An
555 1543 612 1602 ista
635 1561 732 1601 verum
754 1541 853 1600 nescia
873 1541 1004 1621 proloqui

485 1627 532 1687 Te
553 1635 666 1685 eeteros
688 1644 774 1703 supra
797 1625 922 1683 ferocem

485 1708 601 1788 Lingua
623 1707 705 1766 bonis
725 1707 842 1766 inimica
865 1705 984 1768 reddit?

319 1804 340 1858 ὃ
403 1794 482 1855 Cura
502 1809 558 1851 una
579 1799 608 1850 et
626 1809 711 1850 uanum
734 1787 829 1849 estid
851 1789 972 1850 studium
993 1791 1056 1852 tibi.

486 1876 596 1935 Noctes
620 1873 738 1951 diesque
758 1872 852 1944 hauc,
876 1885 908 1932 ut
928 1885 1028 1952 putes,
1051 1895 1180 1956 asperas¹

488 1957 654 2019 Novaculam
675 1957 704 2015 in
725 1975 852 2016 morem:
877 1966 906 2015 et
926 1957 1070 2032 latentes

473 2040 613 2101 ‘Insidias
635 2040 723 2098 struis
746 2039 812 2098 huie
825 2048 864 2098 et
884 2034 939 2102 iili.

403 2126 449 2186 Te
469 2125 546 2206 laeta
566 2122 677 2182 damnis
701 2121 867 2212 improbitps
891 2123 987 2195 iuvat,

302 2215 343 2275 to
489 2207 646 2286 Egeusque
668 2225 782 2285 semper
801 2206 1058 2286 piurisiniquitas.
1133 2274 1139 2285 .

487 2291 533 2351 Tu
554 2289 637 2350 foeda
658 2289 734 2348 iacta
752 2300 783 2348 et
804 2287 984 2349 fraudulenta

488 2375 589 2453 Usque
611 2373 691 2432 novis
714 2372 859 2440 cumulare
879 2371 998 2450 gaudes.

404 2459 609 2536 Queisuunque
628 2453 746 2527 verbis,
768 2475 786 2516 o
808 2455 948 2514 scelerum
972 2454 1093 2532 artifex,
1152 2471 1163 2502 ·'

489 2541 583 2601 Posse
606 2540 635 2598 in
656 2540 767 2598 ruinam
788 2539 961 2618 praecipites
984 2541 1033 2620 agi

303 2630 343 2686 tu
489 2621 618 2682 Confidis
639 2623 769 2681 insontes
791 2621 918 2693 amicos,

489 2706 543 2766 iiia
565 2705 618 2764 tibi
640 2701 777 2764 didicisse
798 2705 876 2762 meiii
897 2715 953 2766 est.

220 2812 268 2860 rar
406 2790 589 2870 Quapropter
609 2787 702 2860 ultor,
724 2808 761 2848 re
782 2785 899 2860 dubita,
920 2786 1003 2848 Dens

492 2871 620 2932 Tandem
641 2891 659 2932 a
679 2872 800 2932 merenti
823 2871 992 2950 supplicium
1013 2872 1127 2951 exiget:

489 2955 705 3034 Radieibusque
727 2955 854 3016 evulsum
876 2954 912 3014 ab
930 2955 997 3014 imis

300 3044 342 3100 20
488 3038 609 3099 Sedibus
634 3039 731 3124 eiiciet
752 3038 809 3096 tuis
831 3047 870 3096 te.

404 3121 540 3183 Athaco
562 3120 712 3192 videntes,
735 3120 851 3180 artubus
873 3121 982 3180 intimis

490 3205 563 3265 Iusti
584 3204 797 3267 intremiscent:
822 3214 852 3265 et
872 3203 964 3282 magis
986 3224 1020 3263 ae
1041 3204 1152 3284 magis,

489 3287 537 3347 Ne
558 3297 714 3366 provocent
737 3288 819 3346 inse
840 3307 950 3367 quoque
973 3289 1045 3348 iram

488 3369 644 3443 Numinis,
666 3368 803 3430 admoniti
824 3372 973 3438 cavebunt.

301 3460 342 3514 25
406 3454 452 3518 Tu
472 3456 549 3516 risus
569 3453 628 3513 illis
651 3451 763 3513 interea
784 3455 875 3514 miser

489 3538 629 3616 locusque
649 3539 712 3600 fies.
757 3535 821 3609 En,
844 3535 902 3598 sibi
923 3537 971 3617 qui
991 3535 1086 3620 Deum
1178 3570 1183 3579 x
1259 3573 1262 3580 ι
1320 3549 1323 3560 ’

383 3613 386 3623 '
489 3620 648 3694 Temnebat
668 3619 845 3692 adiutorem,
865 3630 897 3679 et
916 3622 945 3680 ia
967 3639 1000 3680 se

298 3739 303 3776 Ι
488 3704 542 3764 Sat
562 3704 618 3763 sibi
637 3703 778 3783 praesidii
791 3703 933 3783 putabat!

404 3785 482 3863 Quid
504 3807 594 3858 nuuc,
618 3786 686 3865 quid
706 3787 785 3846 illum
806 3806 859 3866 per
879 3787 990 3848 seelera
1010 3797 1041 3846 et
1060 3783 1142 3846 dolos

300 3875 341 3942 59
482 3869 657 3930 Exstructae
679 3871 708 3928 in
733 3871 820 3930 altum
839 3869 960 3932 ,divitiae
981 3869 1101 3931 iuvant?
1136 3891 1139 3902 ¹

486 3952 520 4012 ln
541 3954 691 4032 pulverem
707 3955 801 4012 omnia
823 3963 853 4014 et
874 3953 998 4014 favillam
1019 4020 1023 4028 „

485 4033 527 4094 Et
546 4047 647 4096 tenues
667 4035 766 4096 abiere
788 4037 892 4096 fumos.
1005 4057 1012 4078 ¹

355 4143 358 4154 ¹
402 4117 469 4198 Ego
490 4129 601 4191 autem,
624 4121 653 4182 in
674 4139 731 4180 uno
751 4139 829 4197 sporn
851 4117 919 4178 mihi
940 4119 987 4198 qui
1006 4118 1072 4179 Deo

484 4203 606 4262 Omnem
628 4201 742 4275 looavi,
764 4201 840 4262 liber
859 4222 941 4279 agam
964 4213 1066 4274 meto,

296 4290 336 4345 35
481 4283 606 4344 Floreus
628 4284 721 4345 olivae
742 4286 836 4344 instar
856 4286 991 4356 nitentis,

483 4369 576 4442 Quam
599 4367 716 4430 Domini
736 4366 860 4428 studium
884 4380 989 4432 tuetur.
