<?xml version="1.0" encoding="UTF-8"?>
<!DOCTYPE html PUBLIC "-//W3C//DTD XHTML 1.0 Transitional//EN"
    "http://www.w3.org/TR/xhtml1/DTD/xhtml1-transitional.dtd">
<html xmlns="http://www.w3.org/1999/xhtml" xml:lang="en" lang="en">
 <head>
  <title>
</title>
<meta http-equiv="Content-Type" content="text/html;charset=utf-8" />
  <meta name='ocr-system' content='tesseract 3.04.00' />
  <meta name='ocr-capabilities' content='ocr_page ocr_carea ocr_par ocr_line ocrx_word'/>
</head>
<body>
  <div class='ocr_page' id='page_1' title='image "./mantoniimuretio00lazegoog_0134.png"; bbox 0 0 2978 5068; ppageno 0'>
   <div class='ocr_carea' id='block_1_1' title="bbox 271 223 969 354">
    <p class='ocr_par' dir='ltr' id='par_1_1' title="bbox 271 223 969 354">
     <span class='ocr_line' id='line_1_1' title="bbox 271 223 969 354; baseline 0 -12"><span class='ocrx_word' id='word_1_1' title='bbox 271 223 379 354; x_wconf 49' lang='lat' dir='ltr'><strong>&#39;ree&#39;</strong></span> <span class='ocrx_word' id='word_1_2' title='bbox 464 318 466 330; x_wconf 72' lang='lat'><strong>,</strong></span> <span class='ocrx_word' id='word_1_3' title='bbox 706 260 819 344; x_wconf 80' lang='lat' dir='ltr'><strong>tunt</strong></span> <span class='ocrx_word' id='word_1_4' title='bbox 848 281 969 346; x_wconf 78' lang='lat' dir='ltr'><strong>emur</strong></span> 
     </span>
    </p>
   </div>
   <div class='ocr_carea' id='block_1_2' title="bbox 291 421 1388 617">
    <p class='ocr_par' dir='ltr' id='par_1_2' title="bbox 291 421 1388 617">
     <span class='ocr_line' id='line_1_2' title="bbox 291 421 1388 533; baseline 0.002 -23"><span class='ocrx_word' id='word_1_5' title='bbox 291 450 412 533; x_wconf 70' lang='lat' dir='ltr'><strong>pollices</strong></span> <span class='ocrx_word' id='word_1_6' title='bbox 429 444 598 524; x_wconf 83' lang='lat' dir='ltr'><strong>Cardlnali,</strong></span> <span class='ocrx_word' id='word_1_7' title='bbox 620 445 732 510; x_wconf 78' lang='lat' dir='ltr'><strong>litteras</strong></span> <span class='ocrx_word' id='word_1_8' title='bbox 748 449 841 530; x_wconf 81' lang='lat' dir='ltr'><strong>ipsios</strong></span> <span class='ocrx_word' id='word_1_9' title='bbox 854 421 961 512; x_wconf 67' lang='lat' dir='ltr'><strong>metuar</strong></span> <span class='ocrx_word' id='word_1_10' title='bbox 978 447 1052 530; x_wconf 85' lang='lat' dir='ltr'><strong>apud</strong></span> <span class='ocrx_word' id='word_1_11' title='bbox 1066 460 1107 524; x_wconf 89' lang='lat' dir='ltr'><strong>te,</strong></span> <span class='ocrx_word' id='word_1_12' title='bbox 1123 423 1257 532; x_wconf 72' lang='lat' dir='ltr'><strong>¹«peraratum</strong></span> <span class='ocrx_word' id='word_1_13' title='bbox 1272 447 1388 525; x_wconf 87' lang='lat' dir='ltr'><strong>debent,</strong></span> 
     </span>
     <span class='ocr_line' id='line_1_3' title="bbox 291 529 1281 617; baseline 0.001 -21"><span class='ocrx_word' id='word_1_14' title='bbox 291 531 427 617; x_wconf 85' lang='lat' dir='ltr'><strong>ponderis</strong></span> <span class='ocrx_word' id='word_1_15' title='bbox 441 530 588 594; x_wconf 82' lang='lat' dir='ltr'><strong>babuisse.</strong></span> <span class='ocrx_word' id='word_1_16' title='bbox 631 531 932 595; x_wconf 81' lang='lat' dir='ltr'><strong>Valo.llon1ae.1d.</strong></span> <span class='ocrx_word' id='word_1_17' title='bbox 956 529 1046 596; x_wconf 83' lang='lat' dir='ltr'><strong>biart.</strong></span> <span class='ocrx_word' id='word_1_18' title='bbox 1071 533 1281 598; x_wconf 81' lang='lat' dir='ltr'><strong>Mutxvut.</strong></span> 
     </span>
    </p>
   </div>
   <div class='ocr_carea' id='block_1_3' title="bbox 731 698 953 720">
    <p class='ocr_par' dir='ltr' id='par_1_3' title="bbox 731 698 953 720">
     <span class='ocr_line' id='line_1_4' title="bbox 731 698 953 720; baseline -0.009 0"><span class='ocrx_word' id='word_1_19' title='bbox 731 698 953 720; x_wconf 54' lang='lat' dir='ltr'><strong>*a*</strong></span> 
     </span>
    </p>
   </div>
   <div class='ocr_carea' id='block_1_4' title="bbox 231 830 1359 968">
    <p class='ocr_par' dir='ltr' id='par_1_4' title="bbox 231 830 1359 968">
     <span class='ocr_line' id='line_1_5' title="bbox 231 830 1359 968; baseline 0 -52"><span class='ocrx_word' id='word_1_20' title='bbox 231 951 239 968; x_wconf 22' lang='grc'>1</span> <span class='ocrx_word' id='word_1_21' title='bbox 317 851 477 916; x_wconf 72' lang='lat' dir='ltr'><strong>cmv.</strong></span> <span class='ocrx_word' id='word_1_22' title='bbox 538 830 992 914; x_wconf 79' lang='lat' dir='ltr'><strong>u.auron1ns</strong></span> <span class='ocrx_word' id='word_1_23' title='bbox 1038 834 1359 938; x_wconf 80' lang='lat' dir='ltr'><strong>uuanrus</strong></span> 
     </span>
    </p>
   </div>
   <div class='ocr_carea' id='block_1_5' title="bbox 434 985 1221 1178">
    <p class='ocr_par' dir='ltr' id='par_1_5' title="bbox 434 985 1221 1178">
     <span class='ocr_line' id='line_1_6' title="bbox 434 985 1221 1053; baseline 0.003 -3"><span class='ocrx_word' id='word_1_24' title='bbox 434 985 640 1052; x_wconf 63' lang='lat' dir='ltr'><strong>&#39;IOANNI</strong></span> <span class='ocrx_word' id='word_1_25' title='bbox 669 985 902 1050; x_wconf 84' lang='lat' dir='ltr'><strong>ANTONIO</strong></span> <span class='ocrx_word' id='word_1_26' title='bbox 930 987 1221 1053; x_wconf 73' lang='lat' dir='ltr'><strong>outscttco</strong></span> 
     </span>
     <span class='ocr_line' id='line_1_7' title="bbox 747 1118 932 1178; baseline -0.016 0"><span class='ocrx_word' id='word_1_27' title='bbox 747 1118 851 1178; x_wconf 79' lang='lat' dir='ltr'><strong>Silo</strong></span> <span class='ocrx_word' id='word_1_28' title='bbox 902 1119 932 1176; x_wconf 83' lang='lat' dir='ltr'><strong>S.</strong></span> 
     </span>
    </p>
   </div>
   <div class='ocr_carea' id='block_1_6' title="bbox 174 1263 1476 3954">
    <p class='ocr_par' dir='ltr' id='par_1_6' title="bbox 174 1263 1476 3954">
     <span class='ocr_line' id='line_1_8' title="bbox 289 1263 1389 1368; baseline 0 -22"><span class='ocrx_word' id='word_1_29' title='bbox 289 1263 369 1356; x_wconf 84' lang='lat' dir='ltr'><strong>Etsi</strong></span> <span class='ocrx_word' id='word_1_30' title='bbox 390 1304 443 1366; x_wconf 92' lang='lat' dir='ltr'><strong>pro</strong></span> <span class='ocrx_word' id='word_1_31' title='bbox 460 1294 557 1345; x_wconf 86' lang='lat' dir='ltr'><strong>mntna</strong></span> <span class='ocrx_word' id='word_1_32' title='bbox 576 1281 654 1346; x_wconf 88' lang='lat' dir='ltr'><strong>inter</strong></span> <span class='ocrx_word' id='word_1_33' title='bbox 674 1303 726 1344; x_wconf 89' lang='lat' dir='ltr'><strong>nos</strong></span> <span class='ocrx_word' id='word_1_34' title='bbox 745 1281 891 1344; x_wconf 84' lang='lat' dir='ltr'><strong>voluntate</strong></span> <span class='ocrx_word' id='word_1_35' title='bbox 913 1277 966 1341; x_wconf 93' lang='lat' dir='ltr'><strong>tlbl</strong></span> <span class='ocrx_word' id='word_1_36' title='bbox 988 1280 1102 1343; x_wconf 89' lang='lat' dir='ltr'><strong>dubium</strong></span> <span class='ocrx_word' id='word_1_37' title='bbox 1122 1303 1188 1346; x_wconf 90' lang='lat' dir='ltr'><strong>esse</strong></span> <span class='ocrx_word' id='word_1_38' title='bbox 1207 1305 1262 1345; x_wconf 88' lang='lat' dir='ltr'><strong>non</strong></span> <span class='ocrx_word' id='word_1_39' title='bbox 1279 1295 1389 1368; x_wconf 86' lang='lat' dir='ltr'><strong>potest,</strong></span> 
     </span>
     <span class='ocr_line' id='line_1_9' title="bbox 221 1363 1391 1452; baseline -0.003 -18"><span class='ocrx_word' id='word_1_40' title='bbox 221 1383 269 1434; x_wconf 71' lang='lat' dir='ltr'><strong>tat</strong></span> <span class='ocrx_word' id='word_1_41' title='bbox 292 1372 358 1452; x_wconf 89' lang='lat' dir='ltr'><strong>quin</strong></span> <span class='ocrx_word' id='word_1_42' title='bbox 381 1381 430 1430; x_wconf 88' lang='lat' dir='ltr'><strong>tua</strong></span> <span class='ocrx_word' id='word_1_43' title='bbox 450 1370 545 1430; x_wconf 84' lang='lat' dir='ltr'><strong>omnia</strong></span> <span class='ocrx_word' id='word_1_44' title='bbox 564 1367 725 1446; x_wconf 23' lang='lat' dir='ltr'><strong>mibileara</strong></span> <span class='ocrx_word' id='word_1_45' title='bbox 745 1387 779 1426; x_wconf 88' lang='lat' dir='ltr'><strong>ac</strong></span> <span class='ocrx_word' id='word_1_46' title='bbox 803 1363 926 1426; x_wconf 90' lang='lat' dir='ltr'><strong>iucunda</strong></span> <span class='ocrx_word' id='word_1_47' title='bbox 946 1365 1021 1425; x_wconf 83' lang='lat' dir='ltr'><strong>sint=</strong></span> <span class='ocrx_word' id='word_1_48' title='bbox 1044 1377 1137 1426; x_wconf 63' lang='lat' dir='ltr'><strong>umen</strong></span> <span class='ocrx_word' id='word_1_49' title='bbox 1156 1369 1223 1431; x_wconf 80' lang='lat' dir='ltr'><strong>ruibi</strong></span> <span class='ocrx_word' id='word_1_50' title='bbox 1242 1370 1296 1430; x_wconf 88' lang='lat' dir='ltr'><strong>boe</strong></span> <span class='ocrx_word' id='word_1_51' title='bbox 1313 1371 1391 1430; x_wconf 89' lang='lat' dir='ltr'><strong>affir-</strong></span> 
     </span>
     <span class='ocr_line' id='line_1_10' title="bbox 290 1448 1387 1527; baseline -0.001 -13"><span class='ocrx_word' id='word_1_52' title='bbox 290 1456 377 1514; x_wconf 84' lang='lat' dir='ltr'><strong>manti</strong></span> <span class='ocrx_word' id='word_1_53' title='bbox 402 1451 503 1513; x_wconf 86' lang='lat' dir='ltr'><strong>credas</strong></span> <span class='ocrx_word' id='word_1_54' title='bbox 531 1453 629 1523; x_wconf 87' lang='lat' dir='ltr'><strong>velim,</strong></span> <span class='ocrx_word' id='word_1_55' title='bbox 652 1451 765 1512; x_wconf 76' lang='lat' dir='ltr'><strong>litteras</strong></span> <span class='ocrx_word' id='word_1_56' title='bbox 787 1459 852 1509; x_wconf 88' lang='lat' dir='ltr'><strong>tnas</strong></span> <span class='ocrx_word' id='word_1_57' title='bbox 875 1448 945 1508; x_wconf 89' lang='lat' dir='ltr'><strong>mibi</strong></span> <span class='ocrx_word' id='word_1_58' title='bbox 966 1451 1052 1510; x_wconf 87' lang='lat' dir='ltr'><strong>etiam</strong></span> <span class='ocrx_word' id='word_1_59' title='bbox 1075 1451 1257 1512; x_wconf 86' lang='lat' dir='ltr'><strong>iucundiores</strong></span> <span class='ocrx_word' id='word_1_60' title='bbox 1281 1454 1387 1527; x_wconf 86' lang='lat' dir='ltr'><strong>fuisse,</strong></span> 
     </span>
     <span class='ocr_line' id='line_1_11' title="bbox 264 1527 1389 1618; baseline 0.001 -22"><span class='ocrx_word' id='word_1_61' title='bbox 264 1527 270 1540; x_wconf 59' lang='lat'>⁸</span> <span class='ocrx_word' id='word_1_62' title='bbox 290 1557 373 1618; x_wconf 85' lang='lat' dir='ltr'><strong>qnam</strong></span> <span class='ocrx_word' id='word_1_63' title='bbox 387 1547 417 1596; x_wconf 87' lang='lat' dir='ltr'><strong>tu</strong></span> <span class='ocrx_word' id='word_1_64' title='bbox 433 1537 599 1597; x_wconf 78' lang='lat' dir='ltr'><strong>existimare</strong></span> <span class='ocrx_word' id='word_1_65' title='bbox 613 1534 822 1614; x_wconf 33' lang='lat' dir='ltr'><strong>laeilesspossis.</strong></span> <span class='ocrx_word' id='word_1_66' title='bbox 866 1531 941 1592; x_wconf 88' lang='lat' dir='ltr'><strong>Nam</strong></span> <span class='ocrx_word' id='word_1_67' title='bbox 957 1544 997 1606; x_wconf 89' lang='lat' dir='ltr'><strong>et,</strong></span> <span class='ocrx_word' id='word_1_68' title='bbox 1013 1533 1087 1612; x_wconf 89' lang='lat' dir='ltr'><strong>quod</strong></span> <span class='ocrx_word' id='word_1_69' title='bbox 1105 1554 1159 1613; x_wconf 79' lang='lat' dir='ltr'><strong>ego</strong></span> <span class='ocrx_word' id='word_1_70' title='bbox 1175 1557 1282 1596; x_wconf 87' lang='lat' dir='ltr'><strong>summo</strong></span> <span class='ocrx_word' id='word_1_71' title='bbox 1299 1557 1389 1618; x_wconf 89' lang='lat' dir='ltr'><strong>opero</strong></span> 
     </span>
     <span class='ocr_line' id='line_1_12' title="bbox 290 1614 1387 1720; baseline 0.001 -39"><span class='ocrx_word' id='word_1_72' title='bbox 290 1620 455 1720; x_wconf 83' lang='lat' dir='ltr'><strong>cupiebam,</strong></span> <span class='ocrx_word' id='word_1_73' title='bbox 486 1618 669 1680; x_wconf 76' lang='lat' dir='ltr'><strong>continebant</strong></span> <span class='ocrx_word' id='word_1_74' title='bbox 694 1614 960 1698; x_wconf 77' lang='grc' dir='ltr'><strong><em>λεπτομερέστατα</em></strong></span> <span class='ocrx_word' id='word_1_75' title='bbox 988 1627 1075 1676; x_wconf 86' lang='lat' dir='ltr'><strong>totam</strong></span> <span class='ocrx_word' id='word_1_76' title='bbox 1107 1620 1246 1680; x_wconf 88' lang='lat' dir='ltr'><strong>rationem</strong></span> <span class='ocrx_word' id='word_1_77' title='bbox 1271 1621 1387 1682; x_wconf 87' lang='lat' dir='ltr'><strong>itineris</strong></span> 
     </span>
     <span class='ocr_line' id='line_1_13' title="bbox 289 1701 1385 1782; baseline -0.001 -19"><span class='ocrx_word' id='word_1_78' title='bbox 289 1715 346 1776; x_wconf 86' lang='lat' dir='ltr'><strong>tur,</strong></span> <span class='ocrx_word' id='word_1_79' title='bbox 369 1709 399 1764; x_wconf 91' lang='lat' dir='ltr'><strong>et</strong></span> <span class='ocrx_word' id='word_1_80' title='bbox 419 1722 494 1782; x_wconf 87' lang='lat' dir='ltr'><strong>qnae</strong></span> <span class='ocrx_word' id='word_1_81' title='bbox 512 1702 580 1762; x_wconf 86' lang='lat' dir='ltr'><strong>istic</strong></span> <span class='ocrx_word' id='word_1_82' title='bbox 601 1701 678 1773; x_wconf 86' lang='lat' dir='ltr'><strong>vita,</strong></span> <span class='ocrx_word' id='word_1_83' title='bbox 702 1701 750 1780; x_wconf 89' lang='lat' dir='ltr'><strong>qni</strong></span> <span class='ocrx_word' id='word_1_84' title='bbox 773 1719 886 1774; x_wconf 87' lang='lat' dir='ltr'><strong>mores,</strong></span> <span class='ocrx_word' id='word_1_85' title='bbox 910 1717 1062 1780; x_wconf 87' lang='lat' dir='ltr'><strong>quaecum</strong></span> <span class='ocrx_word' id='word_1_86' title='bbox 1081 1712 1243 1762; x_wconf 85' lang='lat' dir='ltr'><strong>ceterarum</strong></span> <span class='ocrx_word' id='word_1_87' title='bbox 1267 1705 1385 1776; x_wconf 86' lang='lat' dir='ltr'><strong>artium,</strong></span> 
     </span>
     <span class='ocr_line' id='line_1_14' title="bbox 289 1779 1386 1867; baseline 0 -21"><span class='ocrx_word' id='word_1_88' title='bbox 289 1779 347 1846; x_wconf 85' lang='lat' dir='ltr'><strong>turn</strong></span> <span class='ocrx_word' id='word_1_89' title='bbox 372 1783 444 1846; x_wconf 88' lang='lat' dir='ltr'><strong>iuris</strong></span> <span class='ocrx_word' id='word_1_90' title='bbox 464 1784 583 1846; x_wconf 88' lang='lat' dir='ltr'><strong>docendi</strong></span> <span class='ocrx_word' id='word_1_91' title='bbox 607 1786 699 1857; x_wconf 86' lang='lat' dir='ltr'><strong>ratio,</strong></span> <span class='ocrx_word' id='word_1_92' title='bbox 734 1785 776 1842; x_wconf 92' lang='lat' dir='ltr'><strong>ita</strong></span> <span class='ocrx_word' id='word_1_93' title='bbox 792 1783 901 1843; x_wconf 86' lang='lat' dir='ltr'><strong>diserte</strong></span> <span class='ocrx_word' id='word_1_94' title='bbox 915 1803 949 1843; x_wconf 88' lang='lat' dir='ltr'><strong>ac</strong></span> <span class='ocrx_word' id='word_1_95' title='bbox 968 1781 1171 1867; x_wconf 66' lang='lat' dir='ltr'><strong>incuterent)</strong></span> <span class='ocrx_word' id='word_1_96' title='bbox 1194 1787 1386 1867; x_wconf 81' lang='lat' dir='ltr'><strong>explicabant,</strong></span> 
     </span>
     <span class='ocr_line' id='line_1_15' title="bbox 289 1863 1388 1950; baseline -0.002 -20"><span class='ocrx_word' id='word_1_97' title='bbox 289 1881 321 1930; x_wconf 86' lang='lat' dir='ltr'><strong>nt</strong></span> <span class='ocrx_word' id='word_1_98' title='bbox 344 1868 440 1930; x_wconf 82' lang='lat' dir='ltr'><strong>Ulixis</strong></span> <span class='ocrx_word' id='word_1_99' title='bbox 462 1867 611 1929; x_wconf 86' lang='lat' dir='ltr'><strong>Homerici</strong></span> <span class='ocrx_word' id='word_1_100' title='bbox 621 1865 679 1950; x_wconf 56' lang='grc' dir='ltr'><strong>Μ)</strong></span> <span class='ocrx_word' id='word_1_101' title='bbox 702 1869 893 1927; x_wconf 79' lang='lat' dir='ltr'><strong>narrationem</strong></span> <span class='ocrx_word' id='word_1_102' title='bbox 915 1863 1038 1926; x_wconf 81' lang='lat' dir='ltr'><strong>Alcinoo</strong></span> <span class='ocrx_word' id='word_1_103' title='bbox 1068 1885 1102 1928; x_wconf 86' lang='lat' dir='ltr'><strong>ac</strong></span> <span class='ocrx_word' id='word_1_104' title='bbox 1127 1867 1308 1930; x_wconf 76' lang='lat' dir='ltr'><strong>Phaeacibus</strong></span> <span class='ocrx_word' id='word_1_105' title='bbox 1334 1871 1388 1930; x_wconf 87' lang='lat' dir='ltr'><strong>mi·</strong></span> 
     </span>
     <span class='ocr_line' id='line_1_16' title="bbox 289 1947 1389 2036; baseline 0 -24"><span class='ocrx_word' id='word_1_106' title='bbox 289 1973 343 2036; x_wconf 83' lang='lat' dir='ltr'><strong>pus</strong></span> <span class='ocrx_word' id='word_1_107' title='bbox 374 1952 465 2013; x_wconf 87' lang='lat' dir='ltr'><strong>luisse</strong></span> <span class='ocrx_word' id='word_1_108' title='bbox 490 1949 638 2013; x_wconf 87' lang='lat' dir='ltr'><strong>ineundam</strong></span> <span class='ocrx_word' id='word_1_109' title='bbox 671 1961 774 2031; x_wconf 86' lang='lat' dir='ltr'><strong>putem.</strong></span> <span class='ocrx_word' id='word_1_110' title='bbox 825 1947 1030 2010; x_wconf 86' lang='lat' dir='ltr'><strong>Admiseueras</strong></span> <span class='ocrx_word' id='word_1_111' title='bbox 1061 1953 1147 2012; x_wconf 88' lang='lat' dir='ltr'><strong>etiam</strong></span> <span class='ocrx_word' id='word_1_112' title='bbox 1173 1953 1216 2012; x_wconf 85' lang='lat' dir='ltr'><strong>eis</strong></span> <span class='ocrx_word' id='word_1_113' title='bbox 1235 1954 1389 2034; x_wconf 82' lang='lat' dir='ltr'><strong>plurimum</strong></span> 
     </span>
     <span class='ocr_line' id='line_1_17' title="bbox 288 2031 1389 2116; baseline -0.001 -19"><span class='ocrx_word' id='word_1_114' title='bbox 288 2032 378 2099; x_wconf 86' lang='lat' dir='ltr'><strong>nativi</strong></span> <span class='ocrx_word' id='word_1_115' title='bbox 403 2035 481 2096; x_wconf 87' lang='lat' dir='ltr'><strong>illins</strong></span> <span class='ocrx_word' id='word_1_116' title='bbox 502 2036 610 2116; x_wconf 91' lang='lat' dir='ltr'><strong>leporis</strong></span> <span class='ocrx_word' id='word_1_117' title='bbox 633 2043 664 2094; x_wconf 91' lang='lat' dir='ltr'><strong>et</strong></span> <span class='ocrx_word' id='word_1_118' title='bbox 684 2031 863 2116; x_wconf 74' lang='grc' dir='ltr'><strong><em>αὐτοφυοῦς</em></strong></span> <span class='ocrx_word' id='word_1_119' title='bbox 884 2033 1071 2108; x_wconf 78' lang='lat' dir='ltr'><strong>urbanitatis,</strong></span> <span class='ocrx_word' id='word_1_120' title='bbox 1089 2055 1150 2114; x_wconf 67' lang='lat' dir='ltr'><strong>‚qua</strong></span> <span class='ocrx_word' id='word_1_121' title='bbox 1168 2057 1305 2116; x_wconf 77' lang='lat' dir='ltr'><strong>praesens</strong></span> <span class='ocrx_word' id='word_1_122' title='bbox 1324 2058 1389 2098; x_wconf 87' lang='lat' dir='ltr'><strong>ser-</strong></span> 
     </span>
     <span class='ocr_line' id='line_1_18' title="bbox 288 2117 1388 2200; baseline 0 -20"><span class='ocrx_word' id='word_1_123' title='bbox 288 2139 393 2184; x_wconf 83' lang='lat' dir='ltr'><strong>mones</strong></span> <span class='ocrx_word' id='word_1_124' title='bbox 407 2131 470 2180; x_wconf 90' lang='lat' dir='ltr'><strong>tuos</strong></span> <span class='ocrx_word' id='word_1_125' title='bbox 488 2117 662 2190; x_wconf 84' lang='lat' dir='ltr'><strong>condiebas,</strong></span> <span class='ocrx_word' id='word_1_126' title='bbox 690 2127 722 2178; x_wconf 94' lang='lat' dir='ltr'><strong>ut</strong></span> <span class='ocrx_word' id='word_1_127' title='bbox 744 2137 793 2178; x_wconf 88' lang='lat' dir='ltr'><strong>eas</strong></span> <span class='ocrx_word' id='word_1_128' title='bbox 814 2117 915 2196; x_wconf 81' lang='lat' dir='ltr'><strong>legens</strong></span> <span class='ocrx_word' id='word_1_129' title='bbox 936 2125 1044 2176; x_wconf 85' lang='lat' dir='ltr'><strong>tantum</strong></span> <span class='ocrx_word' id='word_1_130' title='bbox 1066 2137 1122 2178; x_wconf 89' lang='lat' dir='ltr'><strong>non</strong></span> <span class='ocrx_word' id='word_1_131' title='bbox 1141 2131 1272 2200; x_wconf 85' lang='lat' dir='ltr'><strong>spectare</strong></span> <span class='ocrx_word' id='word_1_132' title='bbox 1297 2129 1326 2181; x_wconf 90' lang='lat' dir='ltr'><strong>te</strong></span> <span class='ocrx_word' id='word_1_133' title='bbox 1353 2141 1388 2180; x_wconf 87' lang='lat' dir='ltr'><strong>ac</strong></span> 
     </span>
     <span class='ocr_line' id='line_1_19' title="bbox 288 2197 1387 2284; baseline -0.002 -20"><span class='ocrx_word' id='word_1_134' title='bbox 288 2214 382 2284; x_wconf 81' lang='lat' dir='ltr'><strong>tecum</strong></span> <span class='ocrx_word' id='word_1_135' title='bbox 405 2197 582 2264; x_wconf 81' lang='lat' dir='ltr'><strong>confabulari</strong></span> <span class='ocrx_word' id='word_1_136' title='bbox 603 2199 730 2262; x_wconf 87' lang='lat' dir='ltr'><strong>viderer.</strong></span> <span class='ocrx_word' id='word_1_137' title='bbox 749 2249 751 2254; x_wconf 69' lang='lat'><strong>,</strong></span> <span class='ocrx_word' id='word_1_138' title='bbox 774 2200 912 2262; x_wconf 86' lang='lat' dir='ltr'><strong>Accessit</strong></span> <span class='ocrx_word' id='word_1_139' title='bbox 934 2198 969 2260; x_wconf 90' lang='lat' dir='ltr'><strong>ad</strong></span> <span class='ocrx_word' id='word_1_140' title='bbox 989 2199 1161 2280; x_wconf 84' lang='lat' dir='ltr'><strong>voluptatem</strong></span> <span class='ocrx_word' id='word_1_141' title='bbox 1180 2223 1287 2276; x_wconf 87' lang='lat' dir='ltr'><strong>meam,</strong></span> <span class='ocrx_word' id='word_1_142' title='bbox 1311 2201 1387 2283; x_wconf 91' lang='lat' dir='ltr'><strong>qnod</strong></span> 
     </span>
     <span class='ocr_line' id='line_1_20' title="bbox 275 2283 1476 2376; baseline -0.001 -30"><span class='ocrx_word' id='word_1_143' title='bbox 275 2298 407 2376; x_wconf 83' lang='lat' dir='ltr'><strong>¹patruus</strong></span> <span class='ocrx_word' id='word_1_144' title='bbox 429 2298 494 2348; x_wconf 88' lang='lat' dir='ltr'><strong>tuus</strong></span> <span class='ocrx_word' id='word_1_145' title='bbox 514 2283 556 2348; x_wconf 88' lang='lat' dir='ltr'><strong>V.</strong></span> <span class='ocrx_word' id='word_1_146' title='bbox 577 2283 615 2344; x_wconf 87' lang='lat' dir='ltr'><strong>C.</strong></span> <span class='ocrx_word' id='word_1_147' title='bbox 637 2286 684 2365; x_wconf 88' lang='lat' dir='ltr'><strong>qni</strong></span> <span class='ocrx_word' id='word_1_148' title='bbox 707 2305 757 2346; x_wconf 87' lang='lat' dir='ltr'><strong>eas</strong></span> <span class='ocrx_word' id='word_1_149' title='bbox 776 2285 846 2344; x_wconf 88' lang='lat' dir='ltr'><strong>mibi</strong></span> <span class='ocrx_word' id='word_1_150' title='bbox 862 2302 951 2362; x_wconf 86' lang='lat' dir='ltr'><strong>usquc</strong></span> <span class='ocrx_word' id='word_1_151' title='bbox 967 2284 997 2343; x_wconf 92' lang='lat' dir='ltr'><strong>in</strong></span> <span class='ocrx_word' id='word_1_152' title='bbox 1015 2284 1213 2360; x_wconf 79' lang='lat' dir='ltr'><strong>Quirinalem,</strong></span> <span class='ocrx_word' id='word_1_153' title='bbox 1237 2287 1291 2370; x_wconf 90' lang='lat' dir='ltr'><strong>(ibi</strong></span> <span class='ocrx_word' id='word_1_154' title='bbox 1309 2289 1387 2348; x_wconf 84' lang='lat' dir='ltr'><strong>enirn</strong></span> <span class='ocrx_word' id='word_1_155' title='bbox 1475 2327 1476 2360; x_wconf 55' lang='lat'><em>;</em></span> 
     </span>
     <span class='ocr_line' id='line_1_21' title="bbox 287 2361 1476 2452; baseline -0.001 -21"><span class='ocrx_word' id='word_1_156' title='bbox 287 2390 364 2451; x_wconf 81' lang='lat' dir='ltr'><strong>pune</strong></span> <span class='ocrx_word' id='word_1_157' title='bbox 384 2367 516 2452; x_wconf 84' lang='lat' dir='ltr'><strong>sumus,)</strong></span> <span class='ocrx_word' id='word_1_158' title='bbox 537 2369 659 2449; x_wconf 88' lang='lat' dir='ltr'><strong>ipsemet</strong></span> <span class='ocrx_word' id='word_1_159' title='bbox 678 2369 792 2441; x_wconf 85' lang='lat' dir='ltr'><strong>attolit,</strong></span> <span class='ocrx_word' id='word_1_160' title='bbox 815 2365 941 2426; x_wconf 85' lang='lat' dir='ltr'><strong>ostendit</strong></span> <span class='ocrx_word' id='word_1_161' title='bbox 962 2365 1031 2426; x_wconf 88' lang='lat' dir='ltr'><strong>mibi</strong></span> <span class='ocrx_word' id='word_1_162' title='bbox 1054 2368 1138 2427; x_wconf 86' lang='lat' dir='ltr'><strong>etiarn</strong></span> <span class='ocrx_word' id='word_1_163' title='bbox 1161 2389 1231 2442; x_wconf 89' lang='lat' dir='ltr'><strong>eas,</strong></span> <span class='ocrx_word' id='word_1_164' title='bbox 1253 2390 1325 2450; x_wconf 84' lang='lat' dir='ltr'><strong>quas</strong></span> <span class='ocrx_word' id='word_1_165' title='bbox 1350 2369 1387 2430; x_wconf 90' lang='lat' dir='ltr'><strong>ad</strong></span> <span class='ocrx_word' id='word_1_166' title='bbox 1475 2361 1476 2400; x_wconf 66' lang='lat'>³</span> 
     </span>
     <span class='ocr_line' id='line_1_22' title="bbox 286 2448 1385 2534; baseline 0 -20"><span class='ocrx_word' id='word_1_167' title='bbox 286 2455 409 2534; x_wconf 83' lang='lat' dir='ltr'><strong>alterum</strong></span> <span class='ocrx_word' id='word_1_168' title='bbox 432 2463 561 2534; x_wconf 84' lang='lat' dir='ltr'><strong>patruum</strong></span> <span class='ocrx_word' id='word_1_169' title='bbox 586 2453 763 2531; x_wconf 83' lang='lat' dir='ltr'><strong>scripseras:</strong></span> <span class='ocrx_word' id='word_1_170' title='bbox 788 2451 890 2530; x_wconf 89' lang='lat' dir='ltr'><strong>qulbus</strong></span> <span class='ocrx_word' id='word_1_171' title='bbox 912 2448 1012 2510; x_wconf 83' lang='lat' dir='ltr'><strong>eade&#39;m</strong></span> <span class='ocrx_word' id='word_1_172' title='bbox 1033 2471 1139 2531; x_wconf 90' lang='lat' dir='ltr'><strong>prope,</strong></span> <span class='ocrx_word' id='word_1_173' title='bbox 1160 2453 1278 2532; x_wconf 86' lang='lat' dir='ltr'><strong>quaein</strong></span> <span class='ocrx_word' id='word_1_174' title='bbox 1299 2457 1385 2528; x_wconf 85' lang='lat' dir='ltr'><strong>meis,</strong></span> 
     </span>
     <span class='ocr_line' id='line_1_23' title="bbox 288 2533 1387 2616; baseline -0.002 -18"><span class='ocrx_word' id='word_1_175' title='bbox 288 2536 340 2598; x_wconf 87' lang='lat' dir='ltr'><strong>sed</strong></span> <span class='ocrx_word' id='word_1_176' title='bbox 355 2535 460 2598; x_wconf 86' lang='lat' dir='ltr'><strong>Latine</strong></span> <span class='ocrx_word' id='word_1_177' title='bbox 475 2533 700 2616; x_wconf 59' lang='lat' dir='ltr'><strong>expressam)</strong></span> <span class='ocrx_word' id='word_1_178' title='bbox 723 2533 951 2595; x_wconf 86' lang='lat' dir='ltr'><strong>continebantur.</strong></span> <span class='ocrx_word' id='word_1_179' title='bbox 975 2535 1048 2594; x_wconf 88' lang='lat' dir='ltr'><strong>Tum</strong></span> <span class='ocrx_word' id='word_1_180' title='bbox 1063 2533 1172 2594; x_wconf 89' lang='lat' dir='ltr'><strong>demum</strong></span> <span class='ocrx_word' id='word_1_181' title='bbox 1188 2536 1303 2614; x_wconf 85' lang='lat' dir='ltr'><strong>agnovi,</strong></span> <span class='ocrx_word' id='word_1_182' title='bbox 1317 2535 1387 2616; x_wconf 89' lang='lat' dir='ltr'><strong>quid</strong></span> 
     </span>
     <span class='ocr_line' id='line_1_24' title="bbox 287 2613 1475 2698; baseline 0 -18"><span class='ocrx_word' id='word_1_183' title='bbox 287 2627 318 2680; x_wconf 88' lang='lat' dir='ltr'><strong>te</strong></span> <span class='ocrx_word' id='word_1_184' title='bbox 337 2618 520 2690; x_wconf 81' lang='lat' dir='ltr'><strong>adduxisset,</strong></span> <span class='ocrx_word' id='word_1_185' title='bbox 540 2629 571 2678; x_wconf 88' lang='lat' dir='ltr'><strong>ut</strong></span> <span class='ocrx_word' id='word_1_186' title='bbox 586 2613 623 2678; x_wconf 87' lang='lat' dir='ltr'><strong>ad</strong></span> <span class='ocrx_word' id='word_1_187' title='bbox 639 2637 687 2677; x_wconf 84' lang='lat' dir='ltr'><strong>me</strong></span> <span class='ocrx_word' id='word_1_188' title='bbox 697 2615 826 2698; x_wconf 91' lang='lat' dir='ltr'><strong>popnlari</strong></span> <span class='ocrx_word' id='word_1_189' title='bbox 840 2635 973 2678; x_wconf 85' lang='lat' dir='ltr'><strong>sermone</strong></span> <span class='ocrx_word' id='word_1_190' title='bbox 989 2617 1143 2676; x_wconf 86' lang='lat' dir='ltr'><strong>scriberes.</strong></span> <span class='ocrx_word' id='word_1_191' title='bbox 1188 2616 1291 2698; x_wconf 88' lang='lat' dir='ltr'><strong>Neque</strong></span> <span class='ocrx_word' id='word_1_192' title='bbox 1306 2623 1385 2680; x_wconf 87' lang='lat' dir='ltr'><strong>enirn</strong></span> <span class='ocrx_word' id='word_1_193' title='bbox 1474 2685 1475 2690; x_wconf 8' lang='grc' dir='ltr'>χ</span> 
     </span>
     <span class='ocr_line' id='line_1_25' title="bbox 286 2696 1475 2784; baseline -0.001 -21"><span class='ocrx_word' id='word_1_194' title='bbox 286 2701 358 2764; x_wconf 88' lang='lat' dir='ltr'><strong>illud</strong></span> <span class='ocrx_word' id='word_1_195' title='bbox 388 2714 417 2763; x_wconf 90' lang='lat' dir='ltr'><strong>te</strong></span> <span class='ocrx_word' id='word_1_196' title='bbox 442 2702 547 2774; x_wconf 87' lang='lat' dir='ltr'><strong>movit,</strong></span> <span class='ocrx_word' id='word_1_197' title='bbox 576 2696 606 2759; x_wconf 89' lang='lat' dir='ltr'><strong>in</strong></span> <span class='ocrx_word' id='word_1_198' title='bbox 626 2719 681 2780; x_wconf 92' lang='lat' dir='ltr'><strong>quo</strong></span> <span class='ocrx_word' id='word_1_199' title='bbox 706 2699 832 2774; x_wconf 86' lang='lat' dir='ltr'><strong>iocaris,</strong></span> <span class='ocrx_word' id='word_1_200' title='bbox 862 2698 1046 2761; x_wconf 80' lang='lat' dir='ltr'><strong>Phormionis</strong></span> <span class='ocrx_word' id='word_1_201' title='bbox 1069 2701 1243 2780; x_wconf 82' lang='lat' dir='ltr'><strong>exemplum:</strong></span> <span class='ocrx_word' id='word_1_202' title='bbox 1274 2703 1329 2762; x_wconf 90' lang='lat' dir='ltr'><strong>sed</strong></span> <span class='ocrx_word' id='word_1_203' title='bbox 1355 2701 1385 2763; x_wconf 90' lang='lat' dir='ltr'><strong>id</strong></span> <span class='ocrx_word' id='word_1_204' title='bbox 1474 2755 1475 2784; x_wconf 26' lang='grc' dir='ltr'><strong><em>φ</em></strong></span> 
     </span>
     <span class='ocr_line' id='line_1_26' title="bbox 286 2776 1475 2868; baseline 0.001 -22"><span class='ocrx_word' id='word_1_205' title='bbox 286 2788 382 2868; x_wconf 86' lang='lat' dir='ltr'><strong>potius</strong></span> <span class='ocrx_word' id='word_1_206' title='bbox 405 2783 502 2846; x_wconf 83' lang='lat' dir='ltr'><strong>iecisti</strong></span> <span class='ocrx_word' id='word_1_207' title='bbox 532 2776 790 2868; x_wconf 76' lang='grc' dir='ltr'><strong><em>φιλοτιμούμενος</em></strong></span> <span class='ocrx_word' id='word_1_208' title='bbox 810 2781 885 2866; x_wconf 78' lang='grc' dir='ltr'><strong><em>παρ’</em></strong></span> <span class='ocrx_word' id='word_1_209' title='bbox 904 2777 978 2865; x_wconf 70' lang='grc' dir='ltr'><strong>ἡμῖν</strong></span> <span class='ocrx_word' id='word_1_210' title='bbox 999 2783 1048 2846; x_wconf 75' lang='lat' dir='ltr'><strong>tut</strong></span> <span class='ocrx_word' id='word_1_211' title='bbox 1070 2787 1109 2868; x_wconf 80' lang='grc' dir='ltr'><strong><em>τῇ</em></strong></span> <span class='ocrx_word' id='word_1_212' title='bbox 1138 2783 1170 2848; x_wconf 76' lang='grc' dir='ltr'><strong>ἰν</strong></span> <span class='ocrx_word' id='word_1_213' title='bbox 1195 2783 1386 2867; x_wconf 69' lang='grc' dir='ltr'><strong><em>ἀμφοτέροις</em></strong></span> <span class='ocrx_word' id='word_1_214' title='bbox 1474 2785 1475 2821; x_wconf 62' lang='lat' dir='ltr'><strong>l</strong></span> 
     </span>
     <span class='ocr_line' id='line_1_27' title="bbox 285 2864 1384 2958; baseline -0.001 -26"><span class='ocrx_word' id='word_1_215' title='bbox 285 2875 352 2950; x_wconf 74' lang='grc' dir='ltr'><strong><em>τοῖς</em></strong></span> <span class='ocrx_word' id='word_1_216' title='bbox 373 2865 535 2950; x_wconf 78' lang='grc' dir='ltr'><strong><em>ἲδιιῦμοοιν</em></strong></span> <span class='ocrx_word' id='word_1_217' title='bbox 556 2865 682 2958; x_wconf 69' lang='grc' dir='ltr'><strong><em>εὐεπείᾳ.</em></strong></span> <span class='ocrx_word' id='word_1_218' title='bbox 725 2864 810 2944; x_wconf 77' lang='lat' dir='ltr'><strong>Quod</strong></span> <span class='ocrx_word' id='word_1_219' title='bbox 829 2869 980 2928; x_wconf 87' lang='lat' dir='ltr'><strong>artificium</strong></span> <span class='ocrx_word' id='word_1_220' title='bbox 994 2879 1071 2928; x_wconf 85' lang='lat' dir='ltr'><strong>tuum</strong></span> <span class='ocrx_word' id='word_1_221' title='bbox 1088 2888 1151 2928; x_wconf 88' lang='lat' dir='ltr'><strong>curu</strong></span> <span class='ocrx_word' id='word_1_222' title='bbox 1169 2869 1224 2930; x_wconf 89' lang='lat' dir='ltr'><strong>iam</strong></span> <span class='ocrx_word' id='word_1_223' title='bbox 1241 2867 1384 2931; x_wconf 84' lang='lat' dir='ltr'><strong>detectum</strong></span> 
     </span>
     <span class='ocr_line' id='line_1_28' title="bbox 287 2949 1474 3036; baseline 0 -22"><span class='ocrx_word' id='word_1_224' title='bbox 287 2973 355 3016; x_wconf 88' lang='lat' dir='ltr'><strong>esse</strong></span> <span class='ocrx_word' id='word_1_225' title='bbox 372 2953 490 3036; x_wconf 79' lang='lat' dir='ltr'><strong>videas,</strong></span> <span class='ocrx_word' id='word_1_226' title='bbox 513 2973 617 3015; x_wconf 87' lang='lat' dir='ltr'><strong>censeo</strong></span> <span class='ocrx_word' id='word_1_227' title='bbox 638 2952 757 3034; x_wconf 87' lang='lat' dir='ltr'><strong>posthac</strong></span> <span class='ocrx_word' id='word_1_228' title='bbox 777 2950 814 3011; x_wconf 93' lang='lat' dir='ltr'><strong>ad</strong></span> <span class='ocrx_word' id='word_1_229' title='bbox 834 2969 879 3013; x_wconf 86' lang='lat' dir='ltr'><strong>rae</strong></span> <span class='ocrx_word' id='word_1_230' title='bbox 901 2970 1011 3031; x_wconf 87' lang='lat' dir='ltr'><strong>quoque</strong></span> <span class='ocrx_word' id='word_1_231' title='bbox 1030 2951 1152 3026; x_wconf 85' lang='lat' dir='ltr'><strong>Latine,</strong></span> <span class='ocrx_word' id='word_1_232' title='bbox 1179 2953 1206 3014; x_wconf 91' lang='lat' dir='ltr'><strong>si</strong></span> <span class='ocrx_word' id='word_1_233' title='bbox 1228 2951 1381 3028; x_wconf 83' lang='lat' dir='ltr'><strong>ridebitur,</strong></span> <span class='ocrx_word' id='word_1_234' title='bbox 1473 2949 1474 2960; x_wconf 48' lang='lat'>¹</span> 
     </span>
     <span class='ocr_line' id='line_1_29' title="bbox 284 3035 1474 3117; baseline -0.002 -19"><span class='ocrx_word' id='word_1_235' title='bbox 284 3037 410 3116; x_wconf 80' lang='lat' dir='ltr'><strong>scribas.</strong></span> <span class='ocrx_word' id='word_1_236' title='bbox 454 3035 540 3114; x_wconf 80' lang='lat' dir='ltr'><strong>Quod</strong></span> <span class='ocrx_word' id='word_1_237' title='bbox 560 3047 655 3096; x_wconf 86' lang='lat' dir='ltr'><strong>tamen</strong></span> <span class='ocrx_word' id='word_1_238' title='bbox 677 3055 712 3097; x_wconf 85' lang='lat' dir='ltr'><strong>ea</strong></span> <span class='ocrx_word' id='word_1_239' title='bbox 731 3037 796 3116; x_wconf 81' lang='lat' dir='ltr'><strong>lege</strong></span> <span class='ocrx_word' id='word_1_240' title='bbox 817 3055 835 3094; x_wconf 93' lang='lat' dir='ltr'><strong>a</strong></span> <span class='ocrx_word' id='word_1_241' title='bbox 855 3047 884 3095; x_wconf 89' lang='lat' dir='ltr'><strong>te</strong></span> <span class='ocrx_word' id='word_1_242' title='bbox 909 3046 991 3114; x_wconf 88' lang='lat' dir='ltr'><strong>peto,</strong></span> <span class='ocrx_word' id='word_1_243' title='bbox 1016 3046 1047 3095; x_wconf 91' lang='lat' dir='ltr'><strong>ut</strong></span> <span class='ocrx_word' id='word_1_244' title='bbox 1064 3053 1101 3096; x_wconf 85' lang='lat' dir='ltr'><strong>nc</strong></span> <span class='ocrx_word' id='word_1_245' title='bbox 1119 3049 1270 3117; x_wconf 88' lang='lat' dir='ltr'><strong>propterca</strong></span> <span class='ocrx_word' id='word_1_246' title='bbox 1288 3039 1382 3096; x_wconf 86' lang='lat' dir='ltr'><strong>minus</strong></span> <span class='ocrx_word' id='word_1_247' title='bbox 1473 3043 1474 3060; x_wconf 66' lang='lat'>¹</span> 
     </span>
     <span class='ocr_line' id='line_1_30' title="bbox 286 3103 1474 3200; baseline -0.002 -18"><span class='ocrx_word' id='word_1_248' title='bbox 286 3121 406 3182; x_wconf 85' lang='lat' dir='ltr'><strong>crebras</strong></span> <span class='ocrx_word' id='word_1_249' title='bbox 429 3131 478 3180; x_wconf 88' lang='lat' dir='ltr'><strong>ant</strong></span> <span class='ocrx_word' id='word_1_250' title='bbox 498 3121 591 3180; x_wconf 86' lang='lat' dir='ltr'><strong>mirus</strong></span> <span class='ocrx_word' id='word_1_251' title='bbox 611 3120 710 3200; x_wconf 81' lang='lat' dir='ltr'><strong>longas</strong></span> <span class='ocrx_word' id='word_1_252' title='bbox 734 3120 846 3178; x_wconf 87' lang='lat' dir='ltr'><strong>litteras</strong></span> <span class='ocrx_word' id='word_1_253' title='bbox 867 3117 929 3176; x_wconf 90' lang='lat' dir='ltr'><strong>des.</strong></span> <span class='ocrx_word' id='word_1_254' title='bbox 974 3116 1096 3191; x_wconf 79' lang='lat' dir='ltr'><strong>Quidvis</strong></span> <span class='ocrx_word' id='word_1_255' title='bbox 1116 3120 1191 3179; x_wconf 88' lang='lat' dir='ltr'><strong>enim</strong></span> <span class='ocrx_word' id='word_1_256' title='bbox 1209 3119 1382 3199; x_wconf 82' lang='lat' dir='ltr'><strong>malequam</strong></span> <span class='ocrx_word' id='word_1_257' title='bbox 1473 3103 1474 3127; x_wconf 50' lang='lat'>¹</span> 
     </span>
     <span class='ocr_line' id='line_1_31' title="bbox 284 3199 1381 3282; baseline -0.001 -18"><span class='ocrx_word' id='word_1_258' title='bbox 284 3222 384 3265; x_wconf 79' lang='lat' dir='ltr'><strong>aarum</strong></span> <span class='ocrx_word' id='word_1_259' title='bbox 405 3203 498 3263; x_wconf 84' lang='lat' dir='ltr'><strong>iructn</strong></span> <span class='ocrx_word' id='word_1_260' title='bbox 517 3221 630 3264; x_wconf 89' lang='lat' dir='ltr'><strong>carere.</strong></span> <span class='ocrx_word' id='word_1_261' title='bbox 674 3201 794 3262; x_wconf 85' lang='lat' dir='ltr'><strong>Gaudeo</strong></span> <span class='ocrx_word' id='word_1_262' title='bbox 812 3211 916 3261; x_wconf 80' lang='lat' dir='ltr'><strong>mcurm</strong></span> <span class='ocrx_word' id='word_1_263' title='bbox 936 3219 1028 3260; x_wconf 80' lang='lat' dir='ltr'><strong>menni</strong></span> <span class='ocrx_word' id='word_1_264' title='bbox 1048 3199 1084 3260; x_wconf 90' lang='lat' dir='ltr'><strong>de</strong></span> <span class='ocrx_word' id='word_1_265' title='bbox 1102 3201 1159 3275; x_wconf 87' lang='lat' dir='ltr'><strong>iis,</strong></span> <span class='ocrx_word' id='word_1_266' title='bbox 1182 3202 1229 3282; x_wconf 89' lang='lat' dir='ltr'><strong>qni</strong></span> <span class='ocrx_word' id='word_1_267' title='bbox 1249 3201 1315 3275; x_wconf 82' lang='lat' dir='ltr'><strong>istic</strong></span> <span class='ocrx_word' id='word_1_268' title='bbox 1335 3206 1381 3263; x_wconf 87' lang='lat' dir='ltr'><strong>ins</strong></span> 
     </span>
     <span class='ocr_line' id='line_1_32' title="bbox 286 3282 1473 3370; baseline 0 -24"><span class='ocrx_word' id='word_1_269' title='bbox 286 3282 372 3348; x_wconf 88' lang='lat' dir='ltr'><strong>civile</strong></span> <span class='ocrx_word' id='word_1_270' title='bbox 390 3286 577 3370; x_wconf 81' lang='lat' dir='ltr'><strong>profitentur,</strong></span> <span class='ocrx_word' id='word_1_271' title='bbox 603 3305 704 3346; x_wconf 83' lang='lat' dir='ltr'><strong>vanum</strong></span> <span class='ocrx_word' id='word_1_272' title='bbox 727 3285 835 3358; x_wconf 88' lang='lat' dir='ltr'><strong>luisse,</strong></span> <span class='ocrx_word' id='word_1_273' title='bbox 858 3293 888 3344; x_wconf 90' lang='lat' dir='ltr'><strong>et</strong></span> <span class='ocrx_word' id='word_1_274' title='bbox 905 3304 957 3344; x_wconf 87' lang='lat' dir='ltr'><strong>eos</strong></span> <span class='ocrx_word' id='word_1_275' title='bbox 973 3285 1148 3363; x_wconf 88' lang='lat' dir='ltr'><strong>scriptores,</strong></span> <span class='ocrx_word' id='word_1_276' title='bbox 1168 3307 1238 3366; x_wconf 85' lang='lat' dir='ltr'><strong>quos</strong></span> <span class='ocrx_word' id='word_1_277' title='bbox 1255 3305 1310 3365; x_wconf 81' lang='lat' dir='ltr'><strong>ego</strong></span> <span class='ocrx_word' id='word_1_278' title='bbox 1328 3286 1380 3347; x_wconf 91' lang='lat' dir='ltr'><strong>tibi</strong></span> <span class='ocrx_word' id='word_1_279' title='bbox 1472 3301 1473 3332; x_wconf 71' lang='lat' dir='ltr'><strong>t</strong></span> 
     </span>
     <span class='ocr_line' id='line_1_33' title="bbox 282 3363 1473 3450; baseline -0.001 -19"><span class='ocrx_word' id='word_1_280' title='bbox 282 3367 433 3448; x_wconf 79' lang='lat' dir='ltr'><strong>dilaudare</strong></span> <span class='ocrx_word' id='word_1_281' title='bbox 451 3387 672 3443; x_wconf 83' lang='lat' dir='ltr'><strong>consueveram,</strong></span> <span class='ocrx_word' id='word_1_282' title='bbox 694 3370 781 3429; x_wconf 85' lang='lat' dir='ltr'><strong>etiarn</strong></span> <span class='ocrx_word' id='word_1_283' title='bbox 801 3365 868 3427; x_wconf 90' lang='lat' dir='ltr'><strong>istic</strong></span> <span class='ocrx_word' id='word_1_284' title='bbox 884 3369 994 3447; x_wconf 83' lang='lat' dir='ltr'><strong>vigere.</strong></span> <span class='ocrx_word' id='word_1_285' title='bbox 1038 3363 1167 3430; x_wconf 83' lang='lat' dir='ltr'><strong>Felicius</strong></span> <span class='ocrx_word' id='word_1_286' title='bbox 1182 3369 1236 3430; x_wconf 88' lang='lat' dir='ltr'><strong>hac</strong></span> <span class='ocrx_word' id='word_1_287' title='bbox 1253 3369 1282 3428; x_wconf 89' lang='lat' dir='ltr'><strong>in</strong></span> <span class='ocrx_word' id='word_1_288' title='bbox 1299 3381 1382 3450; x_wconf 89' lang='lat' dir='ltr'><strong>parte</strong></span> <span class='ocrx_word' id='word_1_289' title='bbox 1472 3379 1473 3382; x_wconf 76' lang='grc'>’</span> 
     </span>
     <span class='ocr_line' id='line_1_34' title="bbox 285 3449 1472 3536; baseline -0.002 -22"><span class='ocrx_word' id='word_1_290' title='bbox 285 3464 378 3514; x_wconf 85' lang='lat' dir='ltr'><strong>teeurn</strong></span> <span class='ocrx_word' id='word_1_291' title='bbox 408 3464 501 3514; x_wconf 88' lang='lat' dir='ltr'><strong>aetum</strong></span> <span class='ocrx_word' id='word_1_292' title='bbox 529 3464 576 3514; x_wconf 90' lang='lat' dir='ltr'><strong>est</strong></span> <span class='ocrx_word' id='word_1_293' title='bbox 596 3469 678 3532; x_wconf 88' lang='lat' dir='ltr'><strong>qnam</strong></span> <span class='ocrx_word' id='word_1_294' title='bbox 702 3473 764 3512; x_wconf 88' lang='lat' dir='ltr'><strong>cnm</strong></span> <span class='ocrx_word' id='word_1_295' title='bbox 785 3450 953 3531; x_wconf 87' lang='lat' dir='ltr'><strong>quibusdam</strong></span> <span class='ocrx_word' id='word_1_296' title='bbox 973 3449 1039 3510; x_wconf 90' lang='lat' dir='ltr'><strong>aliis</strong></span> <span class='ocrx_word' id='word_1_297' title='bbox 1063 3459 1287 3536; x_wconf 82' lang='grc' dir='ltr'><strong><em>συμφοιτητοῒς</em></strong></span> <span class='ocrx_word' id='word_1_298' title='bbox 1307 3452 1378 3525; x_wconf 92' lang='lat' dir='ltr'><strong>tuis,</strong></span> <span class='ocrx_word' id='word_1_299' title='bbox 1471 3479 1472 3488; x_wconf 34' lang='grc' dir='ltr'><strong><em>ι</em></strong></span> 
     </span>
     <span class='ocr_line' id='line_1_35' title="bbox 174 3529 1472 3620; baseline 0 -22"><span class='ocrx_word' id='word_1_300' title='bbox 174 3591 177 3598; x_wconf 89' lang='grc'><em>.</em></span> <span class='ocrx_word' id='word_1_301' title='bbox 283 3533 351 3616; x_wconf 67' lang='lat' dir='ltr'><strong>pul,</strong></span> <span class='ocrx_word' id='word_1_302' title='bbox 375 3547 441 3596; x_wconf 86' lang='lat' dir='ltr'><strong>uta</strong></span> <span class='ocrx_word' id='word_1_303' title='bbox 461 3557 506 3598; x_wconf 89' lang='lat' dir='ltr'><strong>me</strong></span> <span class='ocrx_word' id='word_1_304' title='bbox 521 3535 646 3615; x_wconf 85' lang='lat' dir='ltr'><strong>digressi</strong></span> <span class='ocrx_word' id='word_1_305' title='bbox 661 3545 744 3608; x_wconf 89' lang='lat' dir='ltr'><strong>sunt,</strong></span> <span class='ocrx_word' id='word_1_306' title='bbox 766 3533 843 3596; x_wconf 89' lang='lat' dir='ltr'><strong>inter</strong></span> <span class='ocrx_word' id='word_1_307' title='bbox 857 3531 922 3595; x_wconf 90' lang='lat' dir='ltr'><strong>illos</strong></span> <span class='ocrx_word' id='word_1_308' title='bbox 935 3529 1143 3618; x_wconf 73' lang='grc' dir='ltr'><strong><em>συρφετώδεις</em></strong></span> <span class='ocrx_word' id='word_1_309' title='bbox 1163 3558 1197 3597; x_wconf 93' lang='lat' dir='ltr'><strong>ac</strong></span> <span class='ocrx_word' id='word_1_310' title='bbox 1216 3533 1381 3620; x_wconf 72' lang='grc' dir='ltr'><strong><em>βορβορώ·</em></strong></span> <span class='ocrx_word' id='word_1_311' title='bbox 1471 3565 1472 3612; x_wconf 74' lang='lat'><em>3</em></span> 
     </span>
     <span class='ocr_line' id='line_1_36' title="bbox 284 3617 1412 3700; baseline -0.003 -20"><span class='ocrx_word' id='word_1_312' title='bbox 284 3619 346 3693; x_wconf 82' lang='grc' dir='ltr'><strong><em>δεις</em></strong></span> <span class='ocrx_word' id='word_1_313' title='bbox 377 3618 587 3699; x_wconf 85' lang='lat' dir='ltr'><strong>splendidarum</strong></span> <span class='ocrx_word' id='word_1_314' title='bbox 614 3617 784 3698; x_wconf 83' lang='lat' dir='ltr'><strong>lueptiarunr</strong></span> <span class='ocrx_word' id='word_1_315' title='bbox 814 3620 968 3698; x_wconf 81' lang='lat' dir='ltr'><strong>magistros</strong></span> <span class='ocrx_word' id='word_1_316' title='bbox 992 3632 1211 3681; x_wconf 85' lang='lat' dir='ltr'><strong>consenescunt.</strong></span> <span class='ocrx_word' id='word_1_317' title='bbox 1262 3620 1329 3700; x_wconf 84' lang='lat' dir='ltr'><strong>Ego</strong></span> <span class='ocrx_word' id='word_1_318' title='bbox 1352 3628 1381 3680; x_wconf 89' lang='lat' dir='ltr'><strong>et</strong></span> <span class='ocrx_word' id='word_1_319' title='bbox 1410 3681 1412 3688; x_wconf 16' lang='grc' dir='ltr'><em>Α</em></span> 
     </span>
     <span class='ocr_line' id='line_1_37' title="bbox 284 3698 1379 3784; baseline 0.001 -21"><span class='ocrx_word' id='word_1_320' title='bbox 284 3704 336 3763; x_wconf 87' lang='lat' dir='ltr'><strong>tibi</strong></span> <span class='ocrx_word' id='word_1_321' title='bbox 357 3701 411 3762; x_wconf 89' lang='lat' dir='ltr'><strong>boe</strong></span> <span class='ocrx_word' id='word_1_322' title='bbox 432 3704 562 3777; x_wconf 86' lang='lat' dir='ltr'><strong>nomine,</strong></span> <span class='ocrx_word' id='word_1_323' title='bbox 586 3715 618 3764; x_wconf 91' lang='lat' dir='ltr'><strong>nt</strong></span> <span class='ocrx_word' id='word_1_324' title='bbox 637 3698 745 3774; x_wconf 87' lang='lat' dir='ltr'><strong>debeo,</strong></span> <span class='ocrx_word' id='word_1_325' title='bbox 768 3703 916 3781; x_wconf 77' lang='lat' dir='ltr'><strong>gratulor,</strong></span> <span class='ocrx_word' id='word_1_326' title='bbox 941 3713 971 3762; x_wconf 87' lang='lat' dir='ltr'><strong>et</strong></span> <span class='ocrx_word' id='word_1_327' title='bbox 989 3701 1091 3782; x_wconf 91' lang='lat' dir='ltr'><strong>cupide</strong></span> <span class='ocrx_word' id='word_1_328' title='bbox 1110 3715 1220 3784; x_wconf 87' lang='lat' dir='ltr'><strong>tempus</strong></span> <span class='ocrx_word' id='word_1_329' title='bbox 1239 3703 1309 3764; x_wconf 90' lang='lat' dir='ltr'><strong>illud</strong></span> <span class='ocrx_word' id='word_1_330' title='bbox 1331 3725 1379 3764; x_wconf 85' lang='lat' dir='ltr'><strong>ex-</strong></span> 
     </span>
     <span class='ocr_line' id='line_1_38' title="bbox 284 3782 1380 3868; baseline -0.002 -22"><span class='ocrx_word' id='word_1_331' title='bbox 284 3798 484 3866; x_wconf 84' lang='lat' dir='ltr'><strong>specto,cnm</strong></span> <span class='ocrx_word' id='word_1_332' title='bbox 508 3785 544 3846; x_wconf 88' lang='lat' dir='ltr'><strong>ad</strong></span> <span class='ocrx_word' id='word_1_333' title='bbox 564 3803 616 3846; x_wconf 89' lang='lat' dir='ltr'><strong>nos</strong></span> <span class='ocrx_word' id='word_1_334' title='bbox 640 3806 695 3845; x_wconf 88' lang='lat' dir='ltr'><strong>noo</strong></span> <span class='ocrx_word' id='word_1_335' title='bbox 714 3785 768 3846; x_wconf 88' lang='lat' dir='ltr'><strong>illa</strong></span> <span class='ocrx_word' id='word_1_336' title='bbox 789 3782 868 3846; x_wconf 87' lang='lat' dir='ltr'><strong>inani</strong></span> <span class='ocrx_word' id='word_1_337' title='bbox 889 3785 1074 3868; x_wconf 74' lang='grc' dir='ltr'><strong><em>δοκησιοοφί</em></strong></span> <span class='ocrx_word' id='word_1_338' title='bbox 1098 3830 1111 3862; x_wconf 89' lang='grc'><strong>,</strong></span> <span class='ocrx_word' id='word_1_339' title='bbox 1133 3786 1184 3850; x_wconf 89' lang='lat' dir='ltr'><strong>sed</strong></span> <span class='ocrx_word' id='word_1_340' title='bbox 1200 3806 1270 3848; x_wconf 78' lang='lat' dir='ltr'><strong>vera</strong></span> <span class='ocrx_word' id='word_1_341' title='bbox 1285 3807 1319 3847; x_wconf 88' lang='lat' dir='ltr'><strong>ae</strong></span> <span class='ocrx_word' id='word_1_342' title='bbox 1332 3807 1380 3846; x_wconf 90' lang='lat' dir='ltr'><strong>so·</strong></span> 
     </span>
     <span class='ocr_line' id='line_1_39' title="bbox 274 3811 1378 3954; baseline 0.001 -26"><span class='ocrx_word' id='word_1_343' title='bbox 274 3867 343 3944; x_wconf 76' lang='lat' dir='ltr'><strong>lida</strong></span> <span class='ocrx_word' id='word_1_344' title='bbox 373 3863 598 3950; x_wconf 87' lang='lat' dir='ltr'><strong>iurisprndentia</strong></span> <span class='ocrx_word' id='word_1_345' title='bbox 625 3869 864 3932; x_wconf 85' lang='lat' dir='ltr'><strong>instructissimus</strong></span> <span class='ocrx_word' id='word_1_346' title='bbox 893 3871 1062 3932; x_wconf 81' lang='lat' dir='ltr'><strong>revertaris.</strong></span> <span class='ocrx_word' id='word_1_347' title='bbox 1071 3811 1111 3954; x_wconf 53' lang='lat' dir='ltr'><strong>b)</strong></span> <span class='ocrx_word' id='word_1_348' title='bbox 1168 3869 1301 3934; x_wconf 87' lang='lat' dir='ltr'><strong>Nondum</strong></span> <span class='ocrx_word' id='word_1_349' title='bbox 1328 3888 1378 3932; x_wconf 86' lang='lat' dir='ltr'><strong>au·</strong></span> 
     </span>
    </p>
   </div>
   <div class='ocr_carea' id='block_1_7' title="bbox 281 4034 1470 4166">
    <p class='ocr_par' dir='ltr' id='par_1_7' title="bbox 281 4034 1470 4166">
     <span class='ocr_line' id='line_1_40' title="bbox 340 4034 1470 4108; baseline 0.004 -16"><span class='ocrx_word' id='word_1_350' title='bbox 340 4047 374 4106; x_wconf 67' lang='lat' dir='ltr'><strong>a]</strong></span> <span class='ocrx_word' id='word_1_351' title='bbox 396 4047 501 4096; x_wconf 82' lang='lat' dir='ltr'><strong>volebat</strong></span> <span class='ocrx_word' id='word_1_352' title='bbox 525 4051 641 4108; x_wconf 67' lang='grc' dir='ltr'><strong><em>οειιιοιοο,</em></strong></span> <span class='ocrx_word' id='word_1_353' title='bbox 661 4050 803 4108; x_wconf 56' lang='lat' dir='ltr'><strong>pascuae(</strong></span> <span class='ocrx_word' id='word_1_354' title='bbox 833 4053 896 4101; x_wconf 82' lang='lat' dir='ltr'><strong>Nam</strong></span> <span class='ocrx_word' id='word_1_355' title='bbox 914 4034 1029 4100; x_wconf 70' lang='lat' dir='ltr'><strong>lwrdoue</strong></span> <span class='ocrx_word' id='word_1_356' title='bbox 1047 4053 1113 4100; x_wconf 82' lang='lat' dir='ltr'><strong>atiud</strong></span> <span class='ocrx_word' id='word_1_357' title='bbox 1135 4063 1191 4098; x_wconf 84' lang='lat' dir='ltr'><strong>csse</strong></span> <span class='ocrx_word' id='word_1_358' title='bbox 1210 4063 1283 4108; x_wconf 79' lang='lat' dir='ltr'><strong>onaan</strong></span> <span class='ocrx_word' id='word_1_359' title='bbox 1302 4055 1378 4108; x_wconf 79' lang='lat' dir='ltr'><strong>vulgo</strong></span> <span class='ocrx_word' id='word_1_360' title='bbox 1469 4081 1470 4084; x_wconf 66' lang='lat'><strong>,</strong></span> 
     </span>
     <span class='ocr_line' id='line_1_41' title="bbox 281 4107 1470 4166; baseline 0.003 -12"><span class='ocrx_word' id='word_1_361' title='bbox 281 4108 406 4166; x_wconf 83' lang='lat' dir='ltr'><strong>statuunt,</strong></span> <span class='ocrx_word' id='word_1_362' title='bbox 422 4107 556 4162; x_wconf 79' lang='lat' dir='ltr'><strong>explicavit</strong></span> <span class='ocrx_word' id='word_1_363' title='bbox 569 4109 682 4155; x_wconf 81' lang='lat' dir='ltr'><strong>Doedert</strong></span> <span class='ocrx_word' id='word_1_364' title='bbox 697 4109 722 4154; x_wconf 85' lang='lat' dir='ltr'><strong>tn</strong></span> <span class='ocrx_word' id='word_1_365' title='bbox 737 4111 827 4162; x_wconf 81' lang='lat' dir='ltr'><strong>synon.</strong></span> <span class='ocrx_word' id='word_1_366' title='bbox 841 4111 895 4155; x_wconf 76' lang='lat' dir='ltr'><strong>Lat.</strong></span> <span class='ocrx_word' id='word_1_367' title='bbox 909 4111 939 4156; x_wconf 86' lang='lat' dir='ltr'><strong>n.</strong></span> <span class='ocrx_word' id='word_1_368' title='bbox 954 4121 1010 4166; x_wconf 78' lang='lat' dir='ltr'><strong>pag.</strong></span> <span class='ocrx_word' id='word_1_369' title='bbox 1025 4110 1063 4157; x_wconf 82' lang='lat' dir='ltr'><strong>st.</strong></span> <span class='ocrx_word' id='word_1_370' title='bbox 1079 4114 1105 4157; x_wconf 88' lang='lat' dir='ltr'><strong>et</strong></span> <span class='ocrx_word' id='word_1_371' title='bbox 1118 4113 1159 4157; x_wconf 81' lang='lat'>111.</span> <span class='ocrx_word' id='word_1_372' title='bbox 1172 4119 1229 4166; x_wconf 76' lang='lat' dir='ltr'><strong>pag.</strong></span> <span class='ocrx_word' id='word_1_373' title='bbox 1242 4111 1298 4157; x_wconf 60' lang='lat'><strong>81&amp;</strong></span> <span class='ocrx_word' id='word_1_374' title='bbox 1333 4113 1377 4156; x_wconf 73' lang='lat' dir='ltr'><strong>Fa·</strong></span> <span class='ocrx_word' id='word_1_375' title='bbox 1469 4129 1470 4132; x_wconf 41' lang='lat'>¹</span> 
     </span>
    </p>
   </div>
   <div class='ocr_carea' id='block_1_8' title="bbox 339 4175 950 4316">
    <p class='ocr_par' dir='ltr' id='par_1_8' title="bbox 339 4175 950 4316">
     <span class='ocr_line' id='line_1_42' title="bbox 340 4175 950 4238; baseline 0.01 -15"><span class='ocrx_word' id='word_1_376' title='bbox 340 4181 393 4236; x_wconf 77' lang='lat' dir='ltr'><strong>ea)</strong></span> <span class='ocrx_word' id='word_1_377' title='bbox 409 4175 497 4234; x_wconf 84' lang='lat' dir='ltr'><strong>odyss.</strong></span> <span class='ocrx_word' id='word_1_378' title='bbox 512 4181 547 4226; x_wconf 83' lang='lat' dir='ltr'><strong>tx</strong></span> <span class='ocrx_word' id='word_1_379' title='bbox 559 4197 589 4214; x_wconf 87' lang='grc'><strong>·-</strong></span> <span class='ocrx_word' id='word_1_380' title='bbox 600 4183 654 4228; x_wconf 82' lang='grc' dir='ltr'><strong>ΧΠ.</strong></span> <span class='ocrx_word' id='word_1_381' title='bbox 675 4181 705 4227; x_wconf 85' lang='lat' dir='ltr'><strong>ct.</strong></span> <span class='ocrx_word' id='word_1_382' title='bbox 720 4181 785 4228; x_wconf 80' lang='lat' dir='ltr'><strong>xttt.</strong></span> <span class='ocrx_word' id='word_1_383' title='bbox 802 4184 823 4228; x_wconf 80' lang='lat' dir='ltr'><strong>t.</strong></span> <span class='ocrx_word' id='word_1_384' title='bbox 838 4193 876 4238; x_wconf 76' lang='lat' dir='ltr'><strong>so.</strong></span> <span class='ocrx_word' id='word_1_385' title='bbox 904 4184 950 4229; x_wconf 72' lang='lat' dir='ltr'><strong>ru</strong></span> 
     </span>
     <span class='ocr_line' id='line_1_43' title="bbox 339 4252 814 4316; baseline 0.013 -22"><span class='ocrx_word' id='word_1_386' title='bbox 339 4252 410 4310; x_wconf 68' lang='lat' dir='ltr'><strong>aas]</strong></span> <span class='ocrx_word' id='word_1_387' title='bbox 426 4252 462 4299; x_wconf 85' lang='lat' dir='ltr'><strong>ct.</strong></span> <span class='ocrx_word' id='word_1_388' title='bbox 477 4253 532 4299; x_wconf 84' lang='lat' dir='ltr'><strong>adu.</strong></span> <span class='ocrx_word' id='word_1_389' title='bbox 546 4263 602 4309; x_wconf 72' lang='lat' dir='ltr'><strong>pag.</strong></span> <span class='ocrx_word' id='word_1_390' title='bbox 617 4255 646 4300; x_wconf 74' lang='lat' dir='ltr'><strong>a</strong></span> <span class='ocrx_word' id='word_1_391' title='bbox 661 4253 716 4300; x_wconf 74' lang='lat' dir='ltr'><strong>lto.</strong></span> <span class='ocrx_word' id='word_1_392' title='bbox 744 4257 789 4300; x_wconf 67' lang='lat' dir='ltr'><strong>aa.</strong></span> <span class='ocrx_word' id='word_1_393' title='bbox 811 4311 814 4316; x_wconf 26' lang='grc' dir='ltr'>Ι</span> 
     </span>
    </p>
   </div>
   <div class='ocr_carea' id='block_1_9' title="bbox 281 4319 1469 4443">
    <p class='ocr_par' dir='ltr' id='par_1_9' title="bbox 281 4319 1469 4443">
     <span class='ocr_line' id='line_1_44' title="bbox 297 4319 1469 4389; baseline 0.002 -19"><span class='ocrx_word' id='word_1_394' title='bbox 297 4376 305 4389; x_wconf 43' lang='lat'><em>⁰</em></span> <span class='ocrx_word' id='word_1_395' title='bbox 338 4321 375 4384; x_wconf 67' lang='lat' dir='ltr'><strong>fl</strong></span> <span class='ocrx_word' id='word_1_396' title='bbox 394 4329 557 4382; x_wconf 67' lang='lat' dir='ltr'><strong>Exspectatur</strong></span> <span class='ocrx_word' id='word_1_397' title='bbox 570 4327 701 4372; x_wconf 70' lang='lat' dir='ltr'><strong>reonttrtr</strong></span> <span class='ocrx_word' id='word_1_398' title='bbox 714 4328 756 4373; x_wconf 85' lang='lat' dir='ltr'><strong>vet</strong></span> <span class='ocrx_word' id='word_1_399' title='bbox 769 4319 906 4374; x_wconf 53' lang='lat' dir='ltr'><strong>emes.</strong></span> <span class='ocrx_word' id='word_1_400' title='bbox 936 4326 984 4374; x_wconf 78' lang='lat' dir='ltr'><strong>Sed</strong></span> <span class='ocrx_word' id='word_1_401' title='bbox 998 4337 1050 4374; x_wconf 83' lang='lat' dir='ltr'><strong>eom</strong></span> <span class='ocrx_word' id='word_1_402' title='bbox 1064 4329 1176 4384; x_wconf 75' lang='lat' dir='ltr'><strong>quamvls</strong></span> <span class='ocrx_word' id='word_1_403' title='bbox 1190 4327 1306 4385; x_wconf 76' lang='lat' dir='ltr'><strong>temporis</strong></span> <span class='ocrx_word' id='word_1_404' title='bbox 1320 4331 1344 4374; x_wconf 83' lang='lat' dir='ltr'><strong>b.</strong></span> <span class='ocrx_word' id='word_1_405' title='bbox 1360 4328 1377 4372; x_wconf 88' lang='lat'><strong>1.</strong></span> <span class='ocrx_word' id='word_1_406' title='bbox 1468 4381 1469 4386; x_wconf 9' lang='grc' dir='ltr'>η</span> 
     </span>
     <span class='ocr_line' id='line_1_45' title="bbox 281 4381 1469 4443; baseline 0 -13"><span class='ocrx_word' id='word_1_407' title='bbox 281 4381 480 4440; x_wconf 60' lang='lat' dir='ltr'><strong>minatorem</strong></span> <span class='ocrx_word' id='word_1_408' title='bbox 498 4385 601 4442; x_wconf 72' lang='lat' dir='ltr'><strong>meat,</strong></span> <span class='ocrx_word' id='word_1_409' title='bbox 623 4383 647 4429; x_wconf 85' lang='lat' dir='ltr'><strong>et</strong></span> <span class='ocrx_word' id='word_1_410' title='bbox 665 4385 802 4432; x_wconf 79' lang='grc' dir='ltr'><strong><em>τοιοοοιτοι</em></strong></span> <span class='ocrx_word' id='word_1_411' title='bbox 815 4388 897 4431; x_wconf 85' lang='lat' dir='ltr'><strong>tamen</strong></span> <span class='ocrx_word' id='word_1_412' title='bbox 910 4385 1019 4433; x_wconf 69' lang='lat' dir='ltr'><strong>saumis</strong></span> <span class='ocrx_word' id='word_1_413' title='bbox 1032 4386 1166 4443; x_wconf 56' lang='lat' dir='ltr'><strong>paruolae</strong></span> <span class='ocrx_word' id='word_1_414' title='bbox 1179 4386 1297 4433; x_wconf 62' lang='lat' dir='ltr'><strong>ratonem</strong></span> <span class='ocrx_word' id='word_1_415' title='bbox 1311 4391 1375 4442; x_wconf 79' lang='lat' dir='ltr'><strong>esso,</strong></span> <span class='ocrx_word' id='word_1_416' title='bbox 1468 4387 1469 4414; x_wconf 66' lang='lat' dir='ltr'><strong>t</strong></span> 
     </span>
    </p>
   </div>
   <div class='ocr_carea' id='block_1_10' title="bbox 0 0 1494 5068">
    <p class='ocr_par' dir='ltr' id='par_1_10' title="bbox 0 0 1494 5068">
     <span class='ocr_line' id='line_1_46' title="bbox 0 0 1494 5068; baseline 0 3"><span class='ocrx_word' id='word_1_417' title='bbox 0 0 1494 5068; x_wconf 95' lang='lat' dir='ltr'><strong> </strong></span> 
     </span>
    </p>
   </div>
  </div>
 </body>
</html>
