2960 5070
339 267 341 278 ’
423 277 556 354 caum·
578 286 723 351 cxxm
751 285 823 350 on.
949 255 952 260 ’

93 493 96 502 =
207 469 249 525 25
353 443 412 521 lam
433 459 491 518 iam
509 455 604 518 valeto
626 475 644 514 o
665 452 769 534 gandia
791 465 822 516 et
841 475 859 514 o
880 456 955 530 ioci,

238 605 242 609 .
271 544 313 606 Et
330 539 466 623 quidquid
486 540 607 602 antebac
627 537 710 600 dulce
730 539 786 600 luit
808 539 895 600 mibi:
978 608 980 613 s
1080 565 1082 570 ·

268 629 377 690 Venite
397 627 453 688 iam
473 625 555 684 lletus
576 641 717 703 perennes
819 641 825 656 ⁴
931 641 934 649 “
1092 637 1094 648 ·

269 709 462 792 Perpetnique
482 709 579 766 venite
600 702 740 783 planctus.
791 723 816 748 ’-

352 792 455 852 lunixa
470 790 562 850 'ramis
582 787 705 870 Daulias
720 793 758 848 'ut
777 788 880 862 novis,

204 884 246 942 50
266 876 323 937 Cui
345 875 444 936 cautus
465 892 589 953 auceps,
610 872 736 932 furtifica
755 891 840 934 manu

127 971 130 978 '
203 1007 206 1018 .
268 961 367 1021 Pullos
389 958 509 1018 tenellos
532 955 684 1028 involabit,

268 1043 386 1106 Moesta
406 1039 490 1102 sedet
509 1039 688 1118 geminatque
709 1047 847 1116 questus,

351 1125 393 1185 Et
414 1144 446 1184 se
469 1120 575 1183 doloris
597 1123 715 1182 vnlnere
736 1121 869 1182 conficit:

269 1211 319 1273 Sic
341 1209 405 1290 ipse
425 1216 573 1288 postquam
596 1205 711 1265 desiero
731 1205 784 1264 tui
890 1249 893 1254 .

205 1297 246 1354 58
267 1293 396 1373 Aspectu
417 1286 615 1366 emaculatque
635 1289 760 1368 ¹expetito

266 1377 361 1439 Posse
383 1375 505 1434 animum
527 1369 670 1432 e'xsatiare
689 1369 802 1440 vultus,

350 1457 452 1528 Eheu,
476 1455 577 1534 quibus
599 1465 666 1514 tunc
688 1452 820 1514 lluctibus
842 1453 1003 1534 opprimar!
1057 1460 1059 1468 '
1103 1461 1127 1487 ⁹

213 1533 219 1553 '
299 1551 399 1605 uantum
420 1538 549 1602 dolorum
570 1537 715 1616 perpetiar
734 1536 831 1596 iaces!
909 1555 911 1562 ¹

268 1543 361 1700 guara
382 1641 486 1702 saepe,
509 1633 538 1682 te
558 1631 591 1680 ut
612 1629 743 1699 spectare
763 1620 896 1698 possim,

147 1751 158 1762 -
205 1717 246 1773 40
260 1709 365 1779 ΧΜοτῑεε
386 1725 451 1766 mea
471 1705 581 1784 cupiens
601 1703 729 1784 paciscit
769 1755 771 1762 ,

350 1788 455 1849 Lenito
476 1787 586 1849 crebris
609 1787 680 1846 baec
702 1785 776 1846 mala
796 1785 922 1861 litteris,
998 1815 1001 1824 ·

267 1875 294 1934 0
315 1883 399 1946 nate,
425 1873 543 1942 saltem,
564 1889 636 1930 neve
655 1870 751 1930 animo
771 1879 880 1947 patrem

151 1990 152 1994 ,
266 1957 406 2036 Depone,
428 1955 495 2035 qui,
519 1953 583 2012 dnm
603 1953 698 2024 vivet,
720 1967 816 2037 unum.

266 2041 393 2101 Pectore
413 2049 442 2098 te
465 2036 601 2098 retinebit
621 2046 728 2098 arcto..

219 2169 382 2322 lesum.
426 2219 490 2283 sn
521 2217 783 2282 cusumum
809 2197 1055 2284 vrinsrurr„

265 2339 399 2444 Claudi,
424 2371 561 2450 integello
583 2381 700 2451 pectore
721 2369 869 2444 amabilis,
944 2431 948 2441 ,

265 2457 325 2530 Qui
347 2464 441 2516 mente
463 2457 541 2514 solus
555 2452 674 2516 ¹disiicis
693 2475 712 2516 a
730 2473 796 2516 mea

264 2539 382 2600 Acerba
402 2557 536 2604 ,curarum
556 2538 690 2616 benignis

141 2627 147 2648 “
264 2622 397 2686 Vocibus
419 2622 597 2702 alloquioque
618 2619 712 2693 duletg

201 2713 222 2769 ts
346 2705 414 2764 Non
436 2706 480 2766 sic
501 2702 626 2766 timenda
647 2716 710 2778 est,
734 2704 771 2764 in.
785 2703 899 2786 Libyae
918 2707 996 2786 iugis
1052 2761 1055 2768 .

264 2789 367 2865 Quae,
389 2799 480 2847 matre
503 2799 603 2867 rupta,
626 2789 727 2867 vipera
748 2791 895 2864 nascitur,
971 2790 973 2802 '

263 2871 331 2932 Non
353 2871 461 2948 scorpii
482 2869 571 2929 canda
591 2872 738 2943 minaces,

263 2946 331 3022 Non
355 2954 446 3030 geniti
468 2954 521 3012 sub
540 2953 623 3032 aquis
644 2951 797 3034 chelydri:

211 3086 213 3096 .
347 3035 956 3116 mmmme1

201 3125 243 3181 lb
262 3119 467 3198 Quamcunque
489 3119 574 3180 tellus
596 3120 747 3180 Thessalis
769 3119 889 3196 educat,

261 3204 329 3264 Non
350 3203 418 3275 illa,
441 3221 523 3282 wem
545 3198 670 3266 stillante
690 3205 766 3264 rictu
821 3228 823 3232 ·
916 3209 919 3217 ’

178 3319 180 3326 ·
263 3287 371 3368 Spuma
391 3287 471 3346 canis
494 3289 593 3366 gennit
613 3288 771 3360 triformis,
886 3311 888 3320 ¹

345 3367 420 3428 Dira
439 3381 472 3428 ut
491 3370 606 3430 latentis
628 3371 689 3432 tela
707 3367 895 3444 Calumniae,

153 3473 157 3481 ·
207 3517 211 3521 ,
264 3450 357 3526 Quam
379 3450 451 3512 Dite
471 3453 556 3512 tellus
579 3455 695 3514 sustulit
715 3473 751 3514 ex
770 3465 872 3534 patre,

198 3540 240 3596 lb
262 3534 413 3596 Nefariam
434 3536 619 3616 insontesque
639 3535 715 3596 lictis

262 3614 438 3678 Criminibus
462 3639 593 3698 premere
613 3620 776 3691 efficacem,

252 3745 256 3754 ·
346 3702 429 3762 Haec
451 3703 629 3782 conglobatis
652 3701 862 3782 suspicionibus

260 3781 328 3844 Beli
350 3796 482 3866 nepotem
503 3785 645 3866 perdidit,
669 3786 743 3851 baec
764 3787 856 3846 malae

260 3865 372 3946 Abegit
392 3867 429 3928 aul
450 3881 546 3950 potum
567 3872 678 3930 cicutae
703 3914 705 3923 .

197 3955 241 4012 llo
260 3950 416 4020 lnnocuum
440 3953 557 4033 sophiae
578 3963 737 4034 parentem.

342 4033 419 4094 Dum
439 4033 573 4096 Phoebus
596 4034 681 4100 ludos
701 4035 834 4096 exoriens
854 4053 928 4096 novo

260 4115 380 4177 Afflabit
399 4111 646 4198 igni,⁸Beticolas
668 4118 793 4192 cadens,
1004 4165 1025 4214 0
1101 4125 1102 4130 ’

153 4221 155 4227 ’
260 4197 327 4261 Non
348 4202 407 4262 ulla
426 4200 573 4264 Thesidae
595 4201 716 4264 modesti
1023 4221 1025 4227 ‘

149 4391 245 4442 cxxv.
259 4358 300 4440 ss.¹
311 4389 351 4440 eo.
376 4384 501 4452 natam,
515 4401 566 4460 vox
580 4389 686 4454 comtes,
701 4401 750 4442 uon
763 4383 877 4442 narem
890 4387 999 4440 Alcaeo.
1027 4390 1136 4438 sannas.
