2992 5066
440 318 672 384 umsrouau
701 317 875 383 meuse
915 333 939 396 ῃ
1156 305 1199 390 1‘7

109 494 275 572 sedebeqae,
296 493 403 552 vertute
420 493 541 562 relicte,
565 490 725 550 dedideris:
746 490 801 550 doe
820 499 882 560 est,
904 490 935 550 si
949 491 1092 551 conterunt·
1106 501 1137 552 et
1153 495 1196 556 ln·

110 589 188 648 tere,
212 593 297 654 qaam
318 577 348 634 in
364 577 462 654 pretio
482 593 544 635 esse
562 585 593 634 et
610 577 750 634 excellere
768 574 925 632 malueris:
959 574 1041 652 Quod
1055 585 1083 633 te
1090 574 1194 655 saete-

108 679 172 720 ram
191 679 248 718 noa
263 667 345 738 puto.
390 659 470 718 Novi
485 660 559 716 entia
580 667 644 716 teos
663 659 703 716 nd
714 659 847 716 virtatem
862 668 891 717 et
905 675 1001 717 veram
1017 660 1127 720 leudem
1142 663 1194 722 eitt-

106 751 200 823 petms.
257 743 368 820 Quodsi
390 751 503 800 enatare
524 742 671 800 conabum
690 742 792 812 velles,
819 741 875 799 tili
894 750 985 800 temen
1005 759 1061 801 non
1082 745 1191 806 lt'ecret.

107 830 174 888 Noa·
196 825 270 886 entia
292 825 347 883 tibi
364 824 420 882 tem
436 825 579 900 mtegram
595 833 721 894 est,.tot
736 825 870 902 scriptos,
895 834 1029 902 tuaquom
1047 835 1113 886 tuoe
1127 847 1194 888 eon·

106 911 232 970 stantiae
251 907 414 980 obsidibus,
443 908 586 991 implicato
607 917 694 984 etque
713 909 847 977 erectim,
872 916 949 966 totns
966 909 1126 970 eatoe'teee
1143 931 1195 972 ra-

108 995 197 1052 tiones
227 990 419 1063 renterbare,
447 1009 603 1068 novamque
632 1009 667 1049 ee
699 992 781 1070 longe
806 992 968 1050 dissimilem
989 993 1103 1052 subsedi
1119 997 1194 1054 esem

107 1077 190 1134 ebibe.
235 1077 382 1153 Reliquam
402 1075 494 1151 optor
514 1084 575 1144 est,
598 1081 648 1145 et,
671 1093 751 1152 queen
773 1093 791 1134 e
808 1093 901 1153 puero
921 1077 996 1134 vitoe
1015 1095 1129 1138 cursem
1150 1081 1194 1138 iu·

106 1161 243 1230 stituisti,
266 1177 328 1216 erem
348 1158 573 1240 commentamur
596 1167 692 1216 tenere
707 1176 892 1234 perseveres:
916 1159 992 1217 vitoe
1012 1160 1191 1237 ebtegritete,

107 1242 285 1312 ebriocentiu,
310 1243 501 1312 coneedendo,
523 1241 650 1318 pretate,
671 1240 829 1299 deciderem
845 1261 956 1300 mor-sees
973 1251 1004 1301 et
1018 1245 1194 1304 ereintnuteb·
1242 1277 1247 1292 .

106 1343 173 1396 aes,
203 1325 300 1407 quood
325 1325 387 1383 eires
403 1324 482 1402 fieri
507 1332 609 1402 queat,
632 1323 788 1382 debilites.-
819 1325 1192 1407 elnroreem'potentittmqee
1205 1329 1276 1388 aas

106 1409 232 1466 ationem
252 1409 396 1478 amicitie,
418 1407 535 1485 ept'les,
559 1409 732 1466 auctoritate
747 1415 825 1466 tuam
844 1409 934 1466 ocium
948 1417 1104 1483 sustentes,
1127 1421 1193 1472 tuns
1294 1473 1295 1476 ,

25 1545 27 1574 ι
98 1487 240 1568 fortunas
257 1509 385 1569 eugeus,
410 1499 488 1550 neem
510 1499 599 1569 capet
614 1499 714 1568 teges,
736 1497 815 1550 tuum
831 1493 918 1552 et'tem
940 1493 1061 1553 munins.
1107 1495 1207 1556 Vela

25 1619 26 1628 ,
107 1591 136 1632 a.
158 1575 187 1633 d.
209 1577 277 1636 XV.
301 1575 371 1636 dul.
395 1575 475 1653 Sept.

270 1707 357 1775 x1v.
398 1704 639 1769 muneres
665 1675 896 1768 unmemo
925 1707 958 1768 s.
982 1704 1023 1768 o.

25 1849 26 1852 ’
103 1812 192 1902 Mihi
207 1841 299 1913 iratus
323 1861 376 1913 es,
400 1842 478 1901 scio:
505 1839 664 1921 etquidem
683 1841 796 1900 merito.
839 1839 922 1901 Nibii
949 1842 1023 1900 enim
1043 1850 1119 1902 totos
1137 1842 1189 1906 hos

25 1923 26 1930 '
105 1929 174 1987 duos
197 1925 322 1984 menseis
344 1923 379 1984 ad
395 1936 424 1984 te
445 1925 560 2005 scripsi.
603 1925 716 1988 Verum
737 1925 763 1985 si
779 1923 873 1996 scias,
895 1943 976 2002 quam
989 1925 1091 1986 fuerim
1107 1948 1190 1990 oecu-

105 2022 206 2092 patns,
229 2009 370 2087 tantisper
388 2006 452 2067 dum
469 2009 604 2070 Venetiis
627 2009 688 2079 fui,
711 2027 766 2066 non
785 2008 815 2066 in
837 2007 920 2066 libris
944 2005 1190 2073 mcis'Variurudu
1239 2009 1243 2018 ’

104 2095 187 2154 Lcet.
206 2089 420 2164 describendis,
444 2090 496 2150 sed
516 2093 546 2150 iu
565 2090 800 2150 ambulationibus
820 2099 870 2149 seu
889 2091 982 2169 potitis
998 2094 1027 2150 in
1046 2094 1190 2154 traiectio-

104 2178 185 2237 nibus
200 2175 341 2246 Venetis,
365 2175 394 2233 in
412 2174 628 2234 salutationibus
645 2174 799 2246 obeundis,
824 2175 854 2232 iu
870 2175 976 2233 ceteris
991 2176 1090 2236 officiis
1106 2198 1191 2256 prae·

105 2259 230 2330 standis,
254 2257 354 2336 quibus
369 2277 413 2318 me
426 2258 456 2316 hi
469 2259 586 2318 iuvenes
602 2259 716 2336 pmtrieii
730 2256 887 2316 districtum
904 2266 1066 2332 tenuerunt,
1090 2271 1147 2320 tum
1159 2274 1188 2322 te

104 2344 172 2404 mibi
187 2359 304 2420 aequum
318 2341 512 2422 placatumque
527 2341 678 2420 praebeas.
720 2337 830 2412 Dices,
856 2359 900 2400 me
917 2359 952 2399 ex
966 2342 1037 2400 meis
1053 2363 1189 2403 neeessa-

104 2429 156 2486 riis
184 2425 416 2504 occupationibus
445 2426 615 2484 semihoram
637 2421 813 2506 suffecerit)
846 2442 964 2502 eamque
985 2425 1015 2482 in
1038 2427 1188 2488 scribendo
1221 2491 1224 2498 .

104 2512 248 2570 insumere
268 2509 407 2588 potuisse.
453 2507 530 2583 Quid
552 2506 603 2567 tibi
624 2505 810 2586 respondeam
830 2505 896 2566 vis?
922 2505 993 2566 Dixi
1014 2529 1059 2568 me
1077 2511 1188 2589 pigrum

102 2593 295 2674 proficiscenti
313 2591 381 2650 tibi:
406 2590 466 2650 dixi
483 2591 585 2650 talibus
602 2591 702 2650 officiis
719 2609 806 2669 prope
822 2609 960 2650 mancum.
1005 2590 1124 2666 Fateor,
1144 2615 1189 2656 nee
1285 2588 1286 2600 ¹

24 2743 26 2754 Ι
102 2677 225 2736 omnium
243 2676 417 2754 popularium
435 2687 463 2734 et
476 2675 619 2734 tribulium
633 2692 757 2733 meorum
771 2693 837 2733 esse
851 2673 1047 2753 pigerrimum,
1069 2677 1189 2737 maxime

24 2791 25 2794 ¹
103 2763 132 2820 in
148 2757 306 2820 scribendis
325 2759 464 2838 epistolis.
510 2756 587 2832 Quid
603 2756 686 2816 tum‘l
707 2758 792 2816 animi
810 2757 1056 2819 hiemorbusest.
1099 2758 1220 2821 Prae-¹

24 2839 25 2894 ἒ
104 2845 182 2904 clara
199 2861 269 2902 vero
288 2841 371 2901 laude
390 2841 492 2920 diguus
512 2843 566 2914 sit,
589 2843 636 2920 qui
655 2842 762 2900 amicos
785 2861 852 2899 suos
873 2859 970 2900 amare
989 2841 1101 2902 desinat
1117 2853 1187 2916 tum,

24 2921 25 2980 Ῐ
103 2947 165 2987 cam
190 2935 350 3004 aegrotent.
394 2926 459 2984 Non
477 2927 631 2996 continuo,
655 2926 681 2984 si
704 2924 897 3004 conscripsi,
921 2933 950 2984 te
968 2944 1080 2997 amare,
1105 2925 1140 2986 de
1160 2939 1189 2986 te

24 3009 25 3024 ¹
103 3009 165 3071 dies
187 3019 342 3086 noctesque
364 3009 510 3086 cogitare,
535 3006 571 3067 de
591 3019 620 3068 te
639 3007 734 3086 loqui,
757 3009 792 3068 de
813 3017 841 3066 te
856 3007 984 3066 scribere
1001 3007 1109 3070 destiti.
1154 3009 1190 3070 Iu
1248 3020 1250 3029 '

102 3114 137 3154 oo
164 3093 300 3154 donasse
320 3093 454 3171 peccavi,
485 3090 577 3170 quod,
606 3105 670 3151 cum
696 3110 789 3150 essem
808 3090 938 3168 piurimis
964 3102 995 3150 et
1014 3094 1189 3155 necessariis

101 3177 228 3255 negotiis
253 3174 422 3255 impeditus,
452 3187 563 3236 etcum
584 3174 654 3234 mibi
674 3172 818 3234 scribendi
843 3171 958 3234 deesset
981 3187 1188 3252 argumentum,

100 3271 219 3341 praeter
238 3257 310 3318 haec
331 3260 488 3318 communia
509 3270 539 3318 et
558 3258 706 3336 vulgaria,
729 3277 774 3316 me
795 3256 910 3330 valere,
932 3268 1113 3330 mamasac,
1137 3259 1190 3318 tibi

100 3344 227 3424 perbene
256 3362 378 3421 cupere,
409 3353 439 3402 et
463 3342 585 3414 similia,
614 3340 714 3420 quibus
739 3339 813 3420 apud
835 3361 887 3400 nos
908 3341 958 3400 tali
979 3339 1191 3415 necessitudine
1317 3415 1320 3422 Ι

101 3419 269 3486 οόιιίιιιιοῐοέ
289 3425 360 3485 nibil
383 3426 438 3486 ioci
460 3423 546 3484 debet
565 3444 648 3496 csse,
671 3423 733 3483 dies
751 3418 859 3502 aliquot
874 3425 1056 3504 scriptionem
1079 3437 1108 3486 et
1122 3428 1191 3487 mis·
1211 3495 1219 3502 „

102 3511 214 3570 sionem
228 3509 386 3570 litterarum
403 3509 515 3569 solitam
530 3508 682 3567 intermisi.
723 3507 758 3568 lu
774 3504 965 3589 summast)
988 3508 1014 3589 si
1031 3509 1076 3568 cui
1090 3511 1191 3588 culpae

102 3614 166 3652 sum
183 3592 292 3664 affinis,
317 3593 476 3670 ignoscit03
497 3593 542 3652 siu
559 3591 744 3669 cuipavaco,
767 3591 853 3651 irasci
869 3588 1003 3660 desinite.
1043 3589 1102 3652 Sed
1120 3593 1191 3652 haee
1255 3585 1258 3603 ⁸

101 3678 193 3736 missa
214 3677 363 3736 faciamus.
388 3675 474 3737 Mino
493 3673 528 3735 ad
547 3686 579 3748 tc
596 3695 680 3734 unum
699 3694 715 3735 e
733 3674 816 3754 libris
832 3674 903 3739 meis
918 3673 992 3734 vas.
1013 3672 1097 3735 Lect.
1117 3675 1191 3736 Peto

101 3760 154 3819 abs
183 3769 233 3831 te,
262 3767 294 3817 ut
324 3770 419 3818 errata
445 3759 626 3818 librariorum
649 3757 796 3836 corrigas,
826 3754 964 3836 quomodo
988 3755 1069 3820 vides
1091 3759 1120 3818 in
1143 3779 1190 3830 eo,

101 3863 185 3921 quem
203 3840 241 3901 ad
258 3840 312 3912 Fr.
333 3843 508 3904 Turnouium
527 3840 674 3902 Cardinab
694 3842 776 3914 misi,
799 3860 866 3901 esse
881 3851 1021 3900 correcta.
1043 3897 1045 3902 ,
1064 3841 1191 3902 Sublatis

100 3927 215 3986 iilorum
236 3922 364 4010 mendis,
395 3946 458 3987 mea
479 3925 580 3998 tolles,
603 3919 691 3984 etde
714 3925 752 3984 iis
777 3943 822 3984 me
846 3923 1031 3997 admonebis,
1058 3924 1193 4005 quemad-

157 4122 193 4178 υ)
206 4123 261 4168 Hoc
280 4123 356 4168 verbo
376 4124 452 4182 solus,
468 4119 633 4180 quodecim,
648 4121 752 4168 elautus
765 4121 840 4166 atttur
853 4120 879 4166 in
892 4121 988 4168 urcem.
1002 4122 1032 4166 11.
1046 4121 1068 4166 t.
1081 4121 1118 4166 15.
1146 4123 1192 4168 Fa.
1220 4085 1224 4110 ⁵

159 4194 212 4251 Μ]
232 4196 302 4240 Hanc
320 4195 485 4250 loquutionem
504 4195 583 4240 Plinio
604 4193 710 4240 maxinme
727 4193 843 4239 usitatam
863 4203 918 4238 esee
940 4193 1010 4238 docet
1023 4195 1117 4255 mulien.
1132 4195 1193 4240 Lem

101 4251 229 4297 Antibarb.
251 4261 306 4306 pag.
323 4252 392 4300 15¹⁰.
422 4251 459 4298 cl.
473 4253 491 4296 1.
512 4264 550 4307 ep.
567 4254 604 4297 ¹2.
628 4253 665 4296 12.
687 4251 728 4296 Vl.
743 4253 782 4296 21.
799 4251 930 4297 t.1X.21.
950 4261 986 4304 pr.
1001 4250 1125 4296 Ciceronis
1138 4253 1205 4314 lau-¹

102 4309 162 4353 dant
182 4311 263 4354 locum
278 4319 311 4353 ex
324 4309 365 4369 ito.
380 4311 409 4353 11.
430 4309 462 4353 ad
476 4309 555 4362 Quint.
576 4307 605 4353 tr.
621 4319 658 4362 ep.
675 4307 712 4353 tic
727 4306 752 4362 s.
766 4309 789 4352 θ.
819 4308 868 4352 sed
882 4306 937 4351 istic
950 4317 999 4350 uon
1014 4317 1045 4352 ea
1058 4307 1144 4353 dieitur
1158 4309 1194 4353 si-

103 4364 167 4419 gne..
182 4367 213 4410 de
232 4375 282 4418 oue
301 4368 325 4410 h.
346 4367 363 4412 l.
384 4364 471 4419 egitur.
505 4365 688 4410 maciomanum
702 4369 740 4408 est
754 4365 835 4418 potius
849 4365 881 4408 ed
893 4373 1019 4422 mutuae:
1038 4365 1068 4410 de
1082 4375 1130 4422 quo
1145 4365 1194 4412 vid.

102 4423 199 4468 Nolten
214 4431 272 4477 pag.
288 4421 358 4469 1264.
386 4423 464 4468 Hand.
479 4421 608 4468 russeum.
623 4426 641 4467 1.
657 4431 712 4476 pag.
728 4419 781 4467 1³⁰.
796 4431 832 4478 sq.
861 4423 907 4467 ra.
962 4461 973 4474 „
1032 4416 1036 4432 ¹

145 4506 245 4557 Mouza.
253 4501 310 4551 Ore.
316 4503 376 4552 Vua.
383 4503 414 4551 11.
428 4503 541 4563 (Boane.
547 4505 593 4551 lte.
599 4503 663 4552 Tem.
670 4503 705 4559 1.)
897 4543 900 4550 .
964 4475 988 4543 2
