2980 5074
499 309 636 414 uersu.
659 311 776 378 xuvr.
903 283 917 414 J
1132 313 1197 388 tre

7 515 9 522 ι
101 475 212 552 ludina,
234 431 355 542 Canalio
376 479 549 560 ceterisque,
570 497 641 560 quos
664 481 733 542 istic
752 482 809 542 mei
826 491 953 544 amantea
970 499 1037 546 ease
1053 481 1125 557 seio,
1148 501 1195 544 aa·

99 560 200 624 tutent
222 561 310 628 vate.
324 562 366 626 V.
393 561 527 626 Kalend·
540 563 604 623 luo.
627 561 821 627 MDLXXV.
848 583 884 626 ex
902 564 984 626 urltc.

244 827 248 834 ‚
311 744 429 838 urive
473 743 666 808 urnru
699 703 1012 808 sucurre·

100 865 193 958 Heri
211 897 308 977 accepi
328 916 347 956 a
367 906 397 955 te
419 895 529 956 litteras
551 896 723 976 reliquarum
744 907 855 956 tuarum
876 895 1055 970 simillimas,
1081 895 1112 958 id
1136 910 1194 972 est,
1302 955 1305 960 .

100 999 228 1042 aurorem
242 992 272 1040 et
285 977 453 1039 suavitatem
464 975 541 1039 omui
561 999 597 1039 ex
615 989 697 1058 purte
707 975 907 1062 'spirantes.*)
934 977 994 1039 Pro
1011 981 1112 1059 quibus
1127 980 1196 1062 qnid

101 1065 173 1137 tibi,
197 1065 236 1123 mi
258 1063 400 1135 Sacrate,
419 1060 593 1144 respondere
606 1063 732 1144 possim,
756 1061 886 1142 equidem
903 1085 959 1127 non
973 1062 1068 1125 video.
1112 1065 1195 1126 Nilril

100 1149 178 1209 enim
194 1145 375 1226 iampridem
391 1145 472 1206 iubes
486 1165 531 1206 me
543 1156 593 1206 tua
611 1165 714 1206 caussa
726 1145 840 1220 iacere,
863 1165 955 1226 neque
970 1165 1057 1218 saue,
1079 1157 1111 1206 ut
1130 1158 1197 1208 aunt

100 1242 250 1310 tempora,
280 1221 382 1302 video,
404 1247 459 1308 qua
481 1229 511 1288 in
533 1247 565 1288 re
588 1248 675 1308 opera
698 1248 763 1310 mea
781 1230 823 1288 uti
844 1231 950 1310 possis.
976 1261 981 1274 e
999 1228 1058 1292 Sed
1080 1231 1106 1290 si
1128 1227 1217 1311 quid'

101 1315 252 1386 evenerit,
274 1311 333 1372 noli
356 1331 462 1392 quaeso
480 1308 629 1385 dubitare,
653 1313 719 1391 quin
739 1313 849 1392 iserge
864 1324 893 1373 te
910 1314 976 1386 sim,
998 1314 1046 1394 qui
1061 1311 1151 1374 debeo
1166 1323 1196 1374 et

100 1399 151 1478 qui
168 1413 283 1477 semper
296 1395 348 1456 ini.
383 1393 469 1454 ¹ltlilri
483 1393 581 1468 erede,
606 1413 697 1474 neque
711 1406 740 1455 te
752 1396 899 1476 quicquam
913 1415 1031 1476 usquam
1045 1397 1195 1456 amabilius

101 1491 165 1556 est,
193 1498 284 1557 neque
308 1482 339 1538 tu
354 1483 525 1558 'quemquam
544 1477 632 1537 habes
650 1477 836 1538 amantiorem
860 1497 894 1538 ae
917 1478 1118 1540 studiosiorem
1133 1478 1216 1556 tui„
1342 1547 1345 1565 y

38 1615 41 1620 .
102 1561 164 1626 Sed
184 1562 254 1622 haec
274 1563 351 1622 iuter
371 1581 424 1621 uos
446 1579 658 1640 supervacanea
675 1558 816 1622 videntur.
858 1560 948 1621 Mitto
966 1559 1002 1622 ad
1021 1571 1050 1622 te
1069 1561 1196 1624 libellum
1272 1615 1275 1620 .

100 1643 258 1728 quendam,
281 1663 363 1724 quem
384 1645 555 1722 ingratiam
579 1647 636 1706 τοῦ
656 1638 786 1719 ἀνεψιοῦ
809 1645 924 1724 scripsi.
938 1642 995 1728 aa)
1028 1641 1100 1724 qun
1120 1645 1196 1706 enim

101 1731 194 1810 prima
215 1729 357 1788 elementa
377 1725 500 1788 Latinae
520 1727 635 1806 linguae
654 1728 682 1788 ei
703 1726 817 1788 tradere
833 1727 954 1800 vellem,
977 1727 1049 1788 nihil
1068 1729 1196 1807 reperie-

100 1811 167 1872 bam
186 1811 222 1872 ad
241 1821 352 1890 captum
366 1822 422 1870 tam
439 1821 555 1884 tenerae
570 1811 672 1870 aetatis
687 1808 935 1872 accommodatum.
978 1807 1026 1870 Ea
1039 1830 1086 1870 res
1101 1813 1197 1890 oo'c'git

102 1914 149 1956 me
169 1912 387 1976 repuerascere.
414 1893 416 1900 ’
445 1892 547 1974 Neque
571 1893 661 1972 magis
682 1892 712 1952 id
731 1894 800 1953 milui
818 1891 940 1955 alienum
960 1903 1010 1952 aut
1030 1892 1196 1955 indecorum

102 1989 189 2060 puto,
210 1997 293 2058 quam
314 1977 382 2036 olim
401 1971 541 2056 Agesilao
561 1977 618 2036 ruit
635 1975 809 2056 deprehendi
831 1995 894 2036 cnm
912 1976 1008 2036 filiolis
1023 1978 1201 2058 equitantem

102 2063 133 2144 ip
153 2060 291 2122 arundine
308 2055 492 2143 tongum)
533 2061 579 2120 Tu
602 2058 813 2132 illudearmen,
836 2059 1029 2140 qualecunque
1050 2070 1106 2132 cst,
1130 2062 1197 2140 quia

102 2164 196 2224 qnenm
220 2154 283 2218 est,
315 2143 454 2214 libenter,
484 2151 516 2201 ut
536 2144 655 2226 opinor,
678 2141 800 2220 uidebis.
852 2143 939 2211 Vale.
960 2141 1082 2204 Romae.
1105 2141 1193 2206 xvi.
1219 2131 1222 2144 ’

104 2227 173 2290 Kal.
194 2217 531 2289 Dec.MDLXXV111'.¹
549 2277 552 2286 .
674 2229 677 2244 ¹
815 2241 818 2248 ’

307 2373 441 2438 xxvlt.
489 2371 681 2437 EIDEM
714 2371 993 2438 SACRATO.

105 2499 208 2588 Tanti
230 2527 286 2587 init
303 2535 438 2608 torquere
446 2521 486 2609 †)
514 2536 544 2587 te
564 2526 671 2606 aliquot
695 2523 757 2587 dies
776 2526 936 2588 litterarum
955 2545 1079 2602 mearum
1094 2544 1197 2606 exspe-
1221 2551 1223 2556 ’

104 2613 248 2682 ctatione,
270 2620 301 2669 ut
320 2622 383 2670 tuas
406 2611 581 2689 acciperem,
605 2610 747 2670 concitato
770 2630 805 2670 ac
821 2630 910 2690 prope
924 2611 999 2670 irato
1013 2611 1107 2671 animo
1122 2611 1196 2669 scri·
1215 2619 1265 2670 eet

104 2709 179 2778 ptas.
223 2695 263 2754 Ut
282 2690 504 2754 enim‘duleilrus
526 2693 599 2754 cibis
617 2691 767 2752 admistum
787 2692 893 2772 aliquid
909 2712 976 2753 aere
993 2690 1133 2764 delectam
1155 2693 1196 2752 ita

104 2779 188 2850 milri,
205 2777 254 2856 qui
270 2795 410 2856 nunquam
428 2777 575 2857 quicquam
591 2796 608 2836 a
625 2786 655 2836 te
672 2776 729 2835 uisi
744 2776 874 2836 melleum
890 2777 1079 2855 accepissem,
1098 2777 1196 2843 inuuu-

106 2862 255 2923 dissimum
276 2859 348 2934 fuit,
379 2870 408 2918 te
429 2859 584 2920 subiratum
607 2859 731 2919 intueria
754 2861 924 2938 praesertim
947 2879 1009 2918 eum
1028 2860 1057 2918 in
1076 2878 1111 2919 eo
1131 2860 1196 2938 ipso

106 2947 169 3006 irae
194 2943 290 3005 calore
312 2943 441 3004 omnibus
464 2962 500 3018 aa
521 2941 649 3021 partibus
671 2960 705 3002 se
721 2952 803 3002 'amor
822 2962 894 3020 erga
906 2961 951 3002 ure
969 2953 1033 3002 tuus
1048 2939 1193 3022 proderet.

106 3027 167 3090 Sed
186 3024 260 3088 scin’
279 3037 328 3099 tu,
353 3026 473 3087 Sacrate
495 3027 533 3084 mi
557 3027 662 3104 optime
681 3035 709 3084 et
726 3027 756 3084 in
771 3025 835 3106 ipsa
851 3027 937 3092 etiam
954 3025 999 3087 ira
1011 3025 1194 3096 suavissime,

105 3109 174 3256 qpid
200 3122 230 3170 te
250 3129 324 3170 nunc
345 3109 442 3170 iacere
463 3109 597 3189 cupiam‘l
634 3106 786 3170 Confirma
802 3109 932 3199 exemplo
953 3119 1002 3168 tuo
1021 3118 1104 3170 uetus
1126 3106 1196 3168 illud

128 3195 234 3256 'ctumz
851 3233 873 3240 ,ι
998 3213 1000 3223 “

275 3293 440 3354 Amuaaimr
464 3293 527 3351 erm
547 3294 655 3358 amorii
675 3293 831 3370 integratio
853 3287 977 3374 castel-l)
1073 3314 1076 3323 ¹

104 3410 277 3491 ‘praesertim
297 3427 361 3468 eum
382 3408 412 3465 iu
436 3408 553 3467 summis
577 3405 809 3487 occupationibus
833 3403 869 3466 ad
888 3415 917 3465 te
943 3406 1076 3483 scribam,
1127 3403 1195 3466 Nou

105 3505 175 3574 puto
189 3491 317 3572 pluribus
330 3489 399 3570 milri
411 3490 511 3550 verbis
528 3508 597 3570 opus
614 3511 683 3554 ease
697 3490 778 3560 adae
793 3487 958 3570 placandum
973 3509 1007 3549 ec
1021 3488 1193 3550 leniendum.

107 3577 173 3638 lloc
200 3574 308 3635 tautum
332 3593 384 3634 orn
405 3593 584 3672 quaesoque,
614 3585 646 3635 ut
670 3572 782 3656 quidvis
802 3573 897 3664 potius
917 3573 1083 3646 existimes,
1113 3591 1195 3675 quam

162 3769 199 3828 a)
212 3769 312 3820 rueme
331 3759 637 3834 connecteremus,
659 3769 703 3828 (u.
718 3767 975 3826 sauromatae.
1000 3731 1061 3826 ri.)
1080 3768 1142 3824 mon
1156 3771 1196 3816 a·

106 3839 162 3876 naen
175 3839 226 3874 non
239 3827 413 3884 turmodum
427 3826 457 3873 ci.
471 3830 530 3874 Hor.
543 3831 585 3875 lv.
601 3830 638 3874 ta
654 3829 692 3874 itt,
722 3829 786 3882 onae
798 3831 906 3884 spectat
917 3837 1017 3872 mora.
1046 3826 1140 3874 Κιιιιιτ.

108 3951 110 3956 ,
161 3899 216 3956 aa)
231 3901 417 3949 caramerum
430 3889 508 3948 tonuit
521 3901 599 3948 adut.
612 3899 746 3950 Antontum
759 3899 885 3954 umrmtt,
914 3901 1056 3948 nauteam
1065 3911 1099 3948 aa
1127 3901 1196 3950 Tau·
1266 3904 1268 3908 ·
1382 3942 1385 3950 ,

107 3967 166 4004 aas.
182 3980 212 3991 -
240 3955 696 4014 vlo.1mrepeg.rt.sue.,sqq„ra
824 3971 828 3976 ·
880 3981 884 3999 .

163 4027 236 4084 aaa)
249 4031 339 4076 Namnt
351 4041 402 4078 rem
415 4031 560 4078 Plutarchum
573 4021 663 4087 (ugos.
677 4040 730 4084 cap.
745 4029 784 4075 25.
795 4025 862 4076 exta
870 3993 902 4074 ei
912 4028 1008 4076 Antea
1017 4029 1047 4076 V.
1060 4029 1148 4076 luxu.
1156 4027 1194 4076 td.

108 4085 169 4143 1⁸1.)
187 4087 287 4142 numne.
316 4088 396 4135 verta
410 4082 465 4142 lpse
477 4091 574 4141 anneta
586 4091 643 4134 snut
656 4098 690 4132 ex
700 4089 762 4132 tior.
776 4089 827 4132 Sat.
842 4088 872 4144 tt.
886 4088 912 4132 8.
925 4086 980 4132 tls.
1008 4086 1103 4133 linare

164 4157 201 4218 ι)
222 4159 358 4215 norm,
378 4158 401 4204 u
419 4159 476 4214 quo
490 4137 574 4218 viee,
595 4159 683 4205 monus
701 4158 789 4214 ueto
808 4159 929 4214 amet,
951 4161 1017 4204 aare
1036 4157 1059 4202 a
1077 4155 1196 4202 ruamur

108 4215 140 4262 ad
153 4219 294 4272 sumamma
314 4215 373 4264 terri
385 4219 466 4262 tamea
480 4219 561 4270 uatem
573 4217 698 4272 monae,
720 4217 743 4265 at
758 4215 851 4270 utentur
864 4215 896 4268 de
908 4218 1015 4266 Murato.
1037 4213 1195 4282 ocul-unteum
1251 4223 1254 4232 ‘

109 4271 420 4386 ‘t‘ttlrtttltfflte
439 4273 597 4384 little
606 4275 761 4377 ‘aaut
790 4270 969 4378 tuum*
982 4269 1056 4383 ttt
1068 4271 1195 4378 W*

162 4399 221 4463 ἣ]
236 4403 332 4452 retent
347 4401 423 4452 auur.
438 4404 479 4450 nt
493 4401 518 4450 3.
533 4403 572 4450 88.
599 4405 645 4452 Fa.
799 4415 835 4458 ,ιη
