2978 5068
542 327 672 392 urrsr.
697 328 781 426 Llss·
1163 331 1207 400 ee

110 495 172 560 dem
187 495 306 577 effugit3
329 497 494 557 memoriam
510 498 606 558 autem
623 497 666 558 sui
681 497 710 556 iu
726 473 822 556 animo
841 495 976 578 relinquit
992 499 1103 579 plenam
1119 500 1207 563 bore-

109 582 255 642 stissimao
271 591 300 640 et
315 579 507 642 solidissimae
520 579 685 662 uoluptatis.
730 579 814 640 Haeo
828 582 924 658 cogita
939 593 968 642 et
984 583 1057 644 vale.
1075 584 1203 647 Postrid.
1223 591 1226 598 '

108 663 153 728 Id.
164 664 227 744 lul.
246 664 365 726 Tibure.
376 662 412 746 i³)

339 835 423 899 uxr.
474 803 668 900 urnam
702 835 994 900 a1raa1o«
1047 932 1050 940 μ

17 981 19 992 ’
105 933 186 1033 Etsi
203 970 276 1034 nibil
301 983 365 1033 erat
380 971 455 1052 quod
470 971 647 1044 scriberem,
669 992 704 1032 ae
719 983 870 1052 praeterea
887 974 988 1034 mirum
1005 993 1050 1034 me
1065 973 1204 1053 quoddam

106 1054 253 1141 sepibeudi
273 1055 368 1124 odium
390 1057 522 1126 tenebam
545 1056 624 1116 uolui
640 1067 733 1116 marcu
746 1055 933 1116 verberonem
942 1053 1000 1137 ili)
1022 1058 1096 1117 bure
1111 1078 1203 1120 meum

105 1140 170 1202 siue
184 1141 258 1202 meis
274 1138 311 1200 ad
325 1151 355 1200 te
371 1139 476 1200 litteris
491 1140 565 1198 istuc
580 1141 691 1200 venire.
736 1136 812 1198 Amo
824 1149 854 1199 te
867 1139 994 1218 quotidie
1008 1142 1111 1219 magis,
1129 1142 1202 1220 quod

105 1241 124 1282 a
137 1233 171 1294 te,
182 1223 342 1284 litterarum
355 1221 448 1284 studia
463 1221 562 1284 eodem
577 1221 660 1282 ruodo
674 1224 764 1282 amari
777 1220 898 1282 conlido.
935 1221 993 1283 Sed
1007 1224 1091 1284 velim
1106 1224 1143 1283 ad
1158 1245 1204 1284 me

106 1304 262 1386 diligenter
285 1308 416 1379 scribas,
447 1316 551 1385 quote
576 1324 649 1364 nuuc
666 1307 807 1384 scriptore
831 1306 976 1378 oblectes,
1002 1303 1144 1367 Cicerone
1165 1327 1202 1368 au

17 1457 18 1464 q
105 1390 264 1464 Terentio,
287 1409 341 1462 aa,
364 1388 439 1469 quod
455 1389 562 1458 malim,
586 1387 728 1466 utroque?
769 1386 851 1448 Dare
867 1390 953 1448 otiam
970 1383 1200 1469 operum'debes‚

16 1469 18 1554 q
105 1483 137 1532 ut
153 1474 183 1534 iu
198 1473 255 1545 iis,
276 1492 351 1553 quae
365 1473 401 1534 ad
415 1493 460 1532 me
476 1471 604 1542 scribes,
629 1473 665 1532 iis
683 1469 814 1550 loquendi
827 1472 986 1550 ‚generibus
1004 1483 1086 1534 utare
1095 1515 1106 1546 ‚
1129 1493 1202 1551 quae

16 1559 18 1630 ᾗ
105 1558 136 1618 iu
156 1557 270 1623 illorum
287 1558 403 1637 scriptis
425 1556 589 1626 notaveris3
613 1566 644 1616 ut
659 1556 769 1634 eaipsa
785 1573 832 1614 res
847 1554 930 1616 iidem
944 1555 1013 1615 mibi
1030 1557 1117 1616 iaciat
1136 1556 1201 1616 dili·

16 1641 17 1644 ’
106 1642 221 1718 gentico
243 1642 334 1700 iu'eis
356 1638 486 1720 legendis
507 1649 583 1700 tuae.
621 1639 715 1702 Vale.
735 1637 855 1699 Tibure.
866 1639 914 1706 ¹V.
932 1637 1055 1702 lieleud.
1071 1640 1199 1718 august.

104 1723 268 1786 MDLXX.

335 1862 435 1924 LXll.
485 1861 672 1924 EIDEM
705 1861 966 1926 tetrante.

101 1967 208 2059 ‘Nemo
224 1997 409 2066 estomnium
419 2039 430 2068 ,
452 1995 488 2056 ad
505 2017 586 2077 quem
603 1996 737 2058 libentius
760 2017 842 2076 quarn
862 1995 899 2056 ad
915 2007 945 2056 te
964 1995 1098 2058 scribam.
1131 1997 1200 2056 Sum

104 2083 181 2142 enim
201 2083 296 2142 auimo
317 2100 351 2140 oe
368 2081 514 2143 voluntate
535 2101 606 2158 erga
626 2090 656 2139 te
674 2081 756 2159 plane
772 2091 902 2159 paterna.
948 2078 1007 2142 Sed
1022 2081 1071 2140 vix
1084 2078 1197 2150 credes,
1252 2110 1256 2119 »

104 2185 187 2246 quam
207 2167 261 2225 sim
282 2165 313 2226 iu
331 2163 386 2224 boe
403 2183 530 2228 secessu,
543 2175 716 2243 occupatum
738 2182 821 2241 quem
842 2173 936 2224 tamen
955 2163 1085 2242 plerique
1100 2182 1198 2221 omnes
1220 2171 1267 2217 ts't

105 2269 171 2310 esse
189 2250 303 2330 plenum
323 2249 376 2307 otii
397 2260 502 2326 putant.
547 2247 587 2306 Et
608 2243 734 2326 quotidie
751 2247 851 2324 quinas
871 2257 921 2305 aut
940 2265 1025 2306 senas
1045 2245 1081 2304 ab
1099 2247 1199 2304 amicis

17 2350 20 2359 ’
103 2333 217 2394 litteras
236 2331 358 2411 accipio,
376 2329 495 2416 adquae
513 2331 538 2388 si
552 2328 727 2409 respondere
741 2349 839 2388 omnes
854 2330 951 2402 velim,
966 2330 1007 2388 nil
1021 2327 1097 2388 aliud
1113 2347 1200 2407 egerr-

103 2417 168 2478 dum
187 2418 236 2476 sit.
281 2416 402 2475 Gratum
422 2424 467 2474 est
484 2412 572 2485 mibi,
595 2411 670 2493 quod
689 2411 851 2492 applicuisti
867 2424 896 2472 te
915 2411 951 2472 ad
968 2411 1202 2472 consuetudinem

103 2501 140 2563 P.
159 2499 280 2562 Aemilii
304 2509 333 2558 et
352 2497 469 2557 Horatii
482 2495 648 2570 Maearaui.
692 2494 801 2554 Eorum
823 2497 897 2556 enim
918 2507 1038 2576 uterque
1054 2506 1084 2555 te
1104 2505 1133 2556 et
1151 2494 1201 2554 do·
1309 2493 1312 2510 ¹

103 2585 197 2646 ctrina
219 2594 250 2644 et
270 2583 399 2662 exemplo
420 2579 534 2641 efficere
550 2581 696 2640 meliorem
717 2590 821 2659 potest.
865 2579 955 2640 Tales
972 2589 1096 2639 seetare.
1142 2577 1207 2654 Qui
1295 2571 1309 2648 “,

103 2680 200 2729 autem
216 2667 274 2728 alio
297 2665 414 2742 ingenio
437 2674 519 2735 sunt,
543 2683 639 2723 eorum
665 2648 1001 2743 consuetudinem*quasi
1022 2673 1131 2743 pestem
1148 2663 1201 2721 ali·

104 2773 188 2833 quam
210 2751 281 2811 vita.
325 2748 426 2809 Aetati
449 2758 515 2807 tuae
536 2747 606 2806 nibil
630 2745 796 2826 diligentius
818 2745 1023 2826 providendum
1039 2744 1095 2817 est,
1117 2765 1202 2824 quam

22 2846 26 2855 “
103 2835 207 2917 quibus
223 2831 421 2895 sodalitatibus
434 2842 526 2890 utare.
569 2829 672 2908 Neque
687 2849 742 2908 ego
756 2849 887 2890 severum
900 2849 968 2890 esse
980 2840 1010 2888 te
1023 2849 1057 2888 ae
1069 2831 1200 2888 tetricum

93 2921 237 2998 omnique
260 2917 361 2996 generi
379 2915 554 2994 voluptatum
576 2914 721 2972 iuimieum
746 2913 823 2994 volq.
867 2913 932 2974 Hoc
957 2923 1064 2972 tautum
1085 2931 1198 2982 monem

103 3023 161 3063 uon
178 3021 229 3062 eas
245 3000 386 3060 amicitias
402 2995 591 3080 quaerendas,
617 3015 688 3074 quae
707 2994 891 3055 dulcissimae
906 2994 1066 3066 videantur,
1092 2993 1143 3053 sed
1158 2997 1201 3052 in-

103 3083 263 3146 ducendum
281 3084 416 3154 animum,
426 3089 428 3099 “
439 3091 471 3140 ut
485 3100 557 3161 quae
573 3079 793 3140 honestissimae
813 3089 889 3151 sunt,
907 3077 1021 3138 easdem
1037 3077 1123 3137 etiam
1140 3076 1200 3134 dul-

104 3171 238 3230 cissimas
259 3185 377 3228 esseae
398 3165 584 3224 suavissimas
606 3173 699 3242 putes.
744 3161 789 3221 Mi
805 3160 990 3238 Alexander,
1015 3163 1100 3222 etiam
1115 3171 1200 3240 atque

104 3255 191 3315 etiam
205 3252 280 3314 vale.
303 3249 423 3322 libare.
439 3248 480 3310 V.
498 3245 686 3326 ldpiugust.
702 3243 865 3308 MDLXX.

208 3421 211 3432 ’
272 3362 683 3538 ‘'umpumrlr
718 3417 1020 3503 miramo.x
1128 3422 1130 3435 ¹

104 3529 213 3632 Vide,
234 3577 319 3638 quam
342 3567 372 3617 te
391 3575 493 3617 amem.
538 3553 611 3614 Cum
634 3555 764 3615 amultis
785 3551 870 3614 bodie
894 3553 1007 3612 litteras
1028 3552 1200 3630 acceperim,
1252 3552 1254 3560 ’

104 3645 178 3706 nibil
194 3643 267 3711 niti
283 3642 363 3721 prius
377 3638 535 3701 laciendum
549 3657 617 3700 esse
632 3637 711 3710 duxi,
726 3657 809 3718 quam
823 3647 856 3696 ut
868 3635 905 3695 ad
919 3646 949 3696 te
961 3635 1139 3715 potissimum
1154 3654 1202 3694 re·

48 3746 53 3756 “
104 3728 276 3790 scriberem.
319 3721 521 3803 computes,
543 3720 710 3782 Alexander
732 3723 788 3794 mi,
812 3722 867 3800 ipsi
884 3731 913 3780 to
932 3720 1071 3798 patrituo
1087 3718 1201 3777 chario-

104 3831 167 3874 rem
184 3827 351 3887 essequam
370 3807 451 3868 mibi.
493 3806 540 3868 Ae
562 3806 588 3866 si
604 3825 737 3885 quaeras,
760 3823 833 3884 quae
854 3821 957 3862 caussa
974 3802 1017 3888 rit
1030 3801 1114 3861 buius
1130 3821 1202 3879 erge

104 3907 135 3956 te
156 3895 231 3955 tanti
254 3892 363 3954 amoris
388 3892 462 3964 mei,
487 3909 524 3952 ue
542 3891 654 3962 viram,
676 3890 702 3949 si
719 3889 807 3950 aliam
824 3885 940 3946 adierre
961 3904 1095 3966 possum,
1118 3905 1201 3964 quam

105 3976 181 4058 quod
197 3974 299 4038 videor
319 3975 389 4036 mibi
405 3971 642 4036 animadvertisse
663 3974 694 4032 iu
714 3981 744 4032 te
759 3972 906 4049 ingenium
920 3968 1064 4030 excellens
1079 3978 1109 4027 et
1128 3968 1201 4027 situ

105 4062 254 4134 volueris,
276 4055 313 4119 ad
337 4059 431 4119 omnia
446 4076 555 4119 summa
574 4067 681 4118 uatum.
725 4053 785 4118 Sed
800 4065 830 4114 tu
846 4053 900 4114 boe
910 4053 1004 4115 ‘facito
1015 4063 1109 4112 tecum
1122 4052 1201 4129 eogi-

163 4243 197 4302 a)
211 4246 251 4292 lte
264 4245 312 4288 beo
322 4242 393 4298 epist.
401 4240 452 4288 vld.
466 4238 531 4286 iufra
540 4240 566 4286 br
577 4241 678 4288 Auctor.
691 4239 752 4296 Opp.
765 4240 828 4289 idue.
840 4207 910 4294 epist.
919 4237 997 4292 iper.
1005 4234 1035 4282 tt.
1043 4233 1097 4280 5⁸2.
1105 4243 1141 4290 so.
1155 4235 1201 4279 l'rr.

163 4317 216 4374 oo)
231 4316 306 4372 Apud
319 4317 433 4362 Plautum
448 4317 477 4416 eq
487 4313 626 4360 Terentium
640 4314 685 4360 die.
701 4313 732 4358 de
745 4311 842 4356 bomine
857 4308 1000 4358 verberibus
1014 4307 1037 4366 di
1071 4317 1100 4364 ος
1120 4307 1164 4351 sed
1178 4309 1202 4351 b.
1306 4300 1310 4314 ¹

105 4377 122 4421 t.
137 4379 235 4422 vortere
248 4373 320 4430 lieet,
340 4376 368 4418 ut
381 4373 469 4428 zumpt
479 4383 521 4428 us,
542 4373 604 4416 ateio
617 4373 692 4431 Bote,
713 4371 756 4416 rel
770 4369 865 4428 potius,
888 4368 949 4412 omia
962 4365 1039 4410 Barac
1072 4396 1079 4424 ‚
1096 4375 1140 4418 pro
1155 4375 1202 4419 quo

106 4432 196 4480 tuermt
210 4430 286 4480 ettam
301 4429 343 4485 qul
357 4429 455 4504 tiieetat,¹
466 4429 528 4475 omo
541 4429 609 4476 liert.
637 4431 683 4510 Fa.
887 4453 889 4460 ·
951 4475 1007 4542 μ
