2978 5068
549 273 678 386 uursr.
700 320 814 388 sxvr.
1123 325 1124 338 ¹
1163 329 1237 398 too·

129 487 160 546 iu
183 487 229 546 eis
240 497 364 568 'ternpus
387 505 470 548 ourne
481 488 677 550 'consumenti
696 489 774 552 illitu
788 489 837 549 'illi
853 489 992 568 lor'tassis¹
1001 494 1096 572 asperi
1111 513 1147 554 ae
1160 493 1225 555 lsnr·

126 568 193 630 bari
218 571 352 630 luerunt:
377 569 432 632 lroe
449 571 562 651 uuidere
585 573 711 645 seeeulo,
732 593 846 646 vereor,
870 595 907 635 ue
927 575 964 634 ed
987 597 1039 636 uos
1060 572 1221 652 barbaries,

126 652 165 713 ad
186 653 254 714 illos
275 655 419 716 uultus-et
436 654 571 734 splendor
584 658 658 717 sitae
675 667 705 716 et
721 657 843 718 eruditio
861 670 945 738 etque
959 657 1137 733 humanitas,
1162 681 1222 722 mu-

125 737 196 796 tatis
219 735 353 811 sedilus,
384 740 608 818 commigrarint.
651 740 770 820 Itaque,
790 750 832 799 *nt
851 760 950 800 vuum
971 742 1023 802 tibi
1046 743 1156 815 lateas,
1186 745 1221 802 li·
1339 805 1344 824 „

125 820 299 880 lentissime
315 840 359 882 *eo
380 838 601 895 commansere,
624 823 649 882 si
673 823 745 883 uilril
766 824 937 884 obstitisset.
981 825 1124 904 Quicquid
1146 828 1221 887 eninr

125 901 267 963 eous-odi
287 905 343 965 ruei
364 923 465 968 etussn
480 903 522 965 'ab
539 908 584 967 eis
598 905 800 986 perstante
814 926 911 967 omnes
926 909 1037 986 prolixe
1051 927 1085 968 ae
1104 909 1220 988 eopiose

123 986 301 1072 offerebentz
325 998 357 1047 ut
377 989 433 1047 iarn
457 999 612 1061 constaret,
637 989 713 1048 inter
733 1011 785 1050 nos
805 991 867 1050 sine
892 990 950 1050 ullo
965 989 1081 1071 negotio
1098 1009 1220 1054 eonven-

123 1080 219 1130 turum
241 1089 318 1129 esse.
365 1070 602 1151 Quid'quneris‘l
621 1071 722 1132 Fidem
747 1072 962 1146 eis‘dederam,
985 1085 1133 1134 venturum
1152 1095 1219 1137 esse

123 1154 891 1300 ituttttttl'tittii‘t‘stillis
912 1155 1219 1322 tltttlttltltt

124 1321 201 1379 euim
225 1277 387 1399 nen’posse
403 1339 446 1380 me
462 1321 517 1386 uisi
536 1339 633 1383 eorum
648 1322 788 1400 permissu
804 1321 840 1386 de
856 1283 901 1384 md
914 1259 1143 1406 ipsoquidquddr
1158 1324 1217 1385 tale
1316 1361 1319 1375 ·

123 1404 267 1486 polliceri.
310 1402 449 1476 ¹Putabam
469 1413 582 1476 autem,
605 1415 733 1464 neutrum
755 1425 850 1464 eorum
875 1406 929 1465 hoe
948 1405 1045 1486 iniquo
1063 1407 1157 1466 animo
1175 1408 1217 1466 la·

116 1498 236 1547 turnus
260 1505 323 1546 eum
347 1485 510 1546 Cardinalis
536 1485 649 1568 quidem
671 1489 761 1566 gratis
782 1507 826 1548 rue
843 1489 917 1560 alat,
946 1489 1065 1566 (unllam
1087 1491 1162 1549 euius
1180 1487 1216 1550 ad
1336 1497 1354 1552 .“

124 1589 271 1714 titt
291 1570 1215 1733 ttttttltttltttttittillidit-{ttrite

124 1736 459 1815 sttlsstltnipostulereut.
498 1735 607 1796 Contra
621 1748 714 1796 tannen
729 1735 845 1809 aeeidit,
870 1755 951 1816 quarn
967 1747 1120 1816 putaram·
1142 1737 1214 1798 Ete-

123 1822 181 1879 uinr
192 1836 265 1878 ‘euru
288 1839 386 1880 rumor
402 1819 441 1880 'de
458 1839 521 1879 rueo
539 1819 669 1880 discessu
684 1831 744 1880 tota
758 1822 814 1880 iam
832 1820 913 1882 Urbe
927 1822 1109 1900 pervulgatus
1123 1831 1213 1894 esset,

123 1901 350 1968 Ceuseruawres
368 1904 463 1982 pepuli
481 1903 621 1974 Romani,
647 1901 688 1986 (is
698 1922 831 1964 summus
846 1903 1029 1983 magistratus
1044 1915 1090 1964 est
1104 1923 1213 1975 eoruru,

122 1987 170 2066 qui
195 1983 280 2046 lrodie
304 1987 398 2066 populi
420 1986 565 2064 sullr'egils
586 1984 785 2066 tolumnius)
815 1985 851 2048 ad
877 1985 1045 2048 Pontificem
1065 1986 1213 2060 aeoednut,

123 2089 186 2130 euru
207 2080 374 2154 praesentes
396 2069 636 2134 etiem.adesseut
655 2070 675 2128 il
695 2089 732 2130 ex
745 2068 964 2142 cardinalibus,
990 2069 1090 2149 quibus
1106 2069 1215 2129 studio·
1239 2086 1245 2096 ’

122 2153 185 2212 ru'm
206 2171 276 2212 eura
296 2153 525 2223 commissa'est,
548 2171 664 2231 remque
683 2154 885 2232 eiexpouunt‚
909 2163 993 2231 atque
1008 2153 1045 2212 als
1060 2171 1095 2212 ee
1109 2153 1216 2232 suppli·
1303 2191 1308 2195 -
1343 2221 1344 2233 χ

122 2255 172 2296 ees
187 2245 298 2316 petunt,
321 2255 358 2294 ne
372 2255 419 2295 nse
434 2235 515 2298 ubire
529 2236 669 2314 patiatur=
694 2234 800 2295 addunt
814 2229 900 2294 'arnlta
911 2234 948 2294 de
967 2255 1028 2307 use,
1052 2255 1124 2314 quae
1140 2237 1216 2294 malo
1277 2233 1280 2238 '

123 2330 152 2379 te
171 2337 209 2378 ex
220 2319 292 2378 eliis
314 2337 501 2401 cognoscere.
545 2317 680 2378 Pontifex
698 2317 825 2396 benigne
841 2337 891 2378 eos
906 2317 1002 2390 audit,
1027 2317 1102 2378 bono
1120 2319 1214 2378 auimo

122 2421 190 2463 esse
215 2401 313 2473 iubet,
344 2421 393 2473 se,
424 2400 937 2480 quodopusforet‚1insperuturuur
964 2418 1031 2461 esse
1055 2401 1212 2465 confirmet.-

18 2533 20 2560 ς
121 2484 227 2546 Paucis
252 2496 316 2566 post
337 2483 437 2546 diebus
457 2503 509 2564 per
528 2483 703 2544 Ludovieurn
722 2482 893 2544 Gastnneum
913 2481 1214 2564 Ruplpozneuur,**)

18 2579 20 2642 ἶ
122 2567 364 2629 chrisuanisstmi
388 2567 468 2646 regis
485 2567 648 2639 Oratorem,
672 2569 764 2628 virum
785 2578 814 2626 et
829 2567 962 2627 elaritste
978 2568 1094 2645 genesis
1111 2578 1139 2628 et
1156 2568 1216 2627 vir·

18 2659 19 2692 f
121 2659 183 2715 tute
199 2663 230 2712 et
249 2649 408 2712 eruditione
426 2662 634 2729 praestantem,
656 2650 736 2730 iubet
753 2649 822 2709 milri
838 2649 1016 2721 denuntiari,
1040 2651 1212 2710 ue'alseeure

123 2737 177 2795 sibi
199 2754 286 2795 ennae
307 2735 387 2806 lore3
411 2753 448 2794 ue
464 2753 526 2806 rue,
551 2732 625 2812 quod
648 2735 809 2794 auetoritati
831 2749 901 2796 sate
915 2735 1092 2812 paruissem,
1116 2734 1215 2819 poeui-
1234 2744 1283 2792 tat
1351 2724 1358 2738 '

121 2829 208 2878 teret.
253 2817 418 2896 Respondi3
441 2817 545 2877 nullam
563 2813 711 2896 peeriuiarn
727 2817 795 2876 milri
813 2817 983 2889 enuntiati,
1006 2828 1037 2875 ut
1052 2817 1120 2875 snilri
1135 2815 1215 2895 quid·

123 2921 204 2982 wana
224 2901 368 2980 plaeeret,
379 2907 382 2913 ’
393 2899 467 2979 quod
490 2900 622 2960 Pontiliei
644 2897 827 2979 displieeretr
852 2911 882 2960 et
900 2899 1086 2959 lroaorllleuru
1102 2899 1215 2978 quidem

122 2985 190 3046 milri
209 2985 406 3061 visurusne,
428 2981 503 3063 quod
525 3002 542 3042 a
561 2993 640 3042 tauto
657 3001 728 3060 rege
743 2999 882 3054 voearera
904 2980 1062 3042 sed'mirlto
1082 2982 1216 3041 honorili-

123 3069 251 3140 eeutlns,
273 3065 348 3146 qnod
363 3075 393 3126 et
407 3085 425 3126 a
441 3066 583 3127 Poetiliee
598 3065 722 3125 etatali
737 3065 879 3125 Poetiliee
893 3065 1048 3126 retinerer.
1080 3065 1217 3124 Pontifex
1266 3113 1268 3120 .

122 3163 224 3232 posteo
239 3150 387 3229 epistolant
405 3146 442 3208 ad
456 3169 502 3210 me
515 3150 594 3209 misit
608 3149 802 3214 amantissime
814 3150 960 3235 scriptam,
985 3167 1039 3229 que
1056 3146 1092 3208 ad
1108 3149 1216 3227 stipen-
1257 3225 1262 3230 κ

123 3235 198 3296 diurn
222 3235 441 3317 quingentorum
465 3251 610 3292 rumorum
632 3249 799 3304 aureorum,
826 3231 972 3311 quodiam
992 3229 1101 3312 pridem
1119 3233 1216 3310 eapie-

58 3355 62 3366 «
121 3319 205 3391 laur,
221 3315 411 3394 'siguilieelsat
432 3335 465 3376 se
487 3315 623 3375 ducentos
646 3310 795 3394 proetere'a
814 3313 970 3375 addidisse.
1014 3313 1125 3374 Eodem
1144 3325 1216 3372 teur-

122 3421 191 3481 pors
212 3399 380 3460 Matthaeus
400 3397 593 3470 contarenus,
616 3397 765 3458 Pontifieis
779 3393 1015 3474 nemiuem)
1037 3398 1084 3456 vir
1102 3408 1132 3456 et
1156 3397 1217 3458 exi-

123 3487 180 3544 mia
203 3481 322 3562 quadam
344 3483 510 3562 integritate
533 3482 611 3541 vitae
631 3492 661 3542 et
683 3482 821 3560 singulari
843 3481 1034 3541 Romanarum
1054 3499 1148 3540 rerum
1172 3481 1216 3538 irr-

123 3568 282 3646 telligoutiu
302 3567 426 3644 insignis
446 3577 476 3626 et
491 3566 572 3637 'mei‚
596 3575 627 3623 ut
647 3565 724 3635 seis,
747 3565 977 3637 amantissimus,
1001 3564 1153 3625 certiorem
1171 3581 1216 3622 ure

124 3651 210 3722 feeit,
236 3651 292 3710 silsi
309 3669 326 3708 a
343 3649 482 3709 Poetiliue
497 3647 660 3708 rnoautluturn¹
671 3667 754 3721 esse,
779 3658 811 3707 ut
826 3648 895 3707 usilri
911 3647 1124 3732 quamprimum
1136 3646 1217 3706 ettri·

122 3733 225 3794 ltneret
242 3744 273 3792 et
292 3731 458 3811 assignaret
475 3751 593 3792 sumam
610 3741 801 3792 trecentorum
818 3747 968 3790 aureoruut
985 3747 1129 3790 nemorum
1148 3749 1217 3808 peu·
1313 3781 1315 3786 .

124 3820 244 3877 sionem.
288 3815 387 3894 ltaque
403 3835 456 3876 ren
470 3827 525 3875 um
540 3815 709 3892 longinquus
726 3813 824 3874 effecit
836 3814 999 3874 testimonio
1017 3823 1045 3873 et
1057 3809 1162 3872 indicio
1180 3809 1216 3870 do

124 3919 167 3960 ure
186 3919 257 3970 suo,
287 3909 319 3957 ut
338 3899 511 3960 suuotisslrul
529 3897 679 3958 Pontilleis
703 3897 877 3958 liberalitate
896 3893 933 3964 ad
950 3906 1064 3962 veteres
1089 3897 1217 3954 lortuuu·

125 3981 212 4065 las†)
237 4000 314 4041 urens
339 3983 517 4042 accesserint
537 3982 622 4045 nuuui
639 3980 786 4066 quingenti
800 3981 881 4042 aurei
894 3979 982 4071 nutui·
1023 3976 1127 4041 Sedet
1144 3975 1216 4038 Cur·

178 4138 212 4196 ⁹)
228 4141 327 4186 Manem
341 4094 572 4194 sortrsstsoetdeltos.¹
601 4140 646 4186 rs.
1259 4147 1263 4156 ·

178 4199 216 4238 l*
246 4198 297 4249 dtr.
314 4196 452 4254 coelotenus
464 4197 495 4243 ste
507 4195 533 4242 ta
545 4196 704 4252 nomem
734 4194 771 4240 ct.
786 4193 933 4249 staureran.
948 4201 1003 4250 nst.
1014 4190 1069 4238 tet.
1086 4189 1123 4236 ed.
1138 4187 1218 4234 Aust.

124 4263 146 4300 ι
161 4197 252 4367 qdod)
261 4255 417 4364 dioninse
435 4308 652 4365 Koasdetdtreetor,
672 4311 699 4355 ut
713 4291 815 4354 reddtdlt
829 4304 954 4361 numptius
967 4303 994 4349 lu
1005 4301 1069 4350 litore
1084 4298 1218 4361 notissimo,
1298 4300 1309 4316 ²

126 4366 249 4424 moueat
263 4377 318 4412 nnat
333 4367 489 4412 Uetersdneo
503 4368 547 4410 ete
562 4376 617 4420 pag.
634 4365 688 4411 tet.
703 4365 741 4410 ed.
755 4364 778 4410 4.
808 4366 851 4409 ro.
1079 4420 1082 4428 .

181 4429 219 4490 ἦ)
239 4431 293 4477 Nun
313 4429 389 4476 latet
402 4427 570 4476 temeritatem
584 4428 679 4480 veteris
689 4421 831 4486 'seripterls‚
850 4435 899 4473 nee
918 4423 1085 4483 ltnltntettlue,'
1096 4422 1219 4468 concerta-
