<?xml version="1.0" encoding="UTF-8"?>
<!DOCTYPE html PUBLIC "-//W3C//DTD XHTML 1.0 Transitional//EN"
    "http://www.w3.org/TR/xhtml1/DTD/xhtml1-transitional.dtd">
<html xmlns="http://www.w3.org/1999/xhtml" xml:lang="en" lang="en">
 <head>
  <title>
</title>
<meta http-equiv="Content-Type" content="text/html;charset=utf-8" />
  <meta name='ocr-system' content='tesseract 3.04.00' />
  <meta name='ocr-capabilities' content='ocr_page ocr_carea ocr_par ocr_line ocrx_word'/>
</head>
<body>
  <div class='ocr_page' id='page_1' title='image "./mantoniimuretio00lazegoog_0298.png"; bbox 0 0 2960 5070; ppageno 0'>
   <div class='ocr_carea' id='block_1_1' title="bbox 258 285 958 370">
    <p class='ocr_par' dir='ltr' id='par_1_1' title="bbox 258 285 958 370">
     <span class='ocr_line' id='line_1_1' title="bbox 258 285 958 370; baseline 0.001 -15"><span class='ocrx_word' id='word_1_1' title='bbox 258 301 326 370; x_wconf 70' lang='lat'><strong>292</strong></span> <span class='ocrx_word' id='word_1_2' title='bbox 679 285 937 356; x_wconf 78' lang='lat' dir='ltr'><strong>ruvmtrmmt</strong></span> <span class='ocrx_word' id='word_1_3' title='bbox 955 330 958 341; x_wconf 90' lang='lat'><em>.</em></span> 
     </span>
    </p>
   </div>
   <div class='ocr_carea' id='block_1_2' title="bbox 322 454 1261 620">
    <p class='ocr_par' dir='ltr' id='par_1_2' title="bbox 322 454 1261 620">
     <span class='ocr_line' id='line_1_2' title="bbox 322 454 1261 544; baseline -0.014 -14"><span class='ocrx_word' id='word_1_4' title='bbox 322 474 343 529; x_wconf 69' lang='lat' dir='ltr'>B</span> <span class='ocrx_word' id='word_1_5' title='bbox 385 466 536 544; x_wconf 82' lang='lat' dir='ltr'><strong>Nunquam</strong></span> <span class='ocrx_word' id='word_1_6' title='bbox 558 459 690 531; x_wconf 86' lang='lat' dir='ltr'><strong>ieiunus,</strong></span> <span class='ocrx_word' id='word_1_7' title='bbox 711 473 852 542; x_wconf 82' lang='lat' dir='ltr'><strong>nunquam</strong></span> <span class='ocrx_word' id='word_1_8' title='bbox 867 463 906 514; x_wconf 62' lang='lat' dir='ltr'><strong>⁴ut</strong></span> <span class='ocrx_word' id='word_1_9' title='bbox 925 455 974 534; x_wconf 74' lang='lat' dir='ltr'><strong>qni</strong></span> <span class='ocrx_word' id='word_1_10' title='bbox 995 454 1124 516; x_wconf 86' lang='lat' dir='ltr'><strong>scribcrc</strong></span> <span class='ocrx_word' id='word_1_11' title='bbox 1145 459 1261 530; x_wconf 85' lang='lat' dir='ltr'><strong>siccus,</strong></span> 
     </span>
     <span class='ocr_line' id='line_1_3' title="bbox 470 539 1100 620; baseline -0.014 -11"><span class='ocrx_word' id='word_1_12' title='bbox 470 543 531 609; x_wconf 83' lang='lat' dir='ltr'><strong>sci</strong></span> <span class='ocrx_word' id='word_1_13' title='bbox 551 554 632 604; x_wconf 86' lang='lat' dir='ltr'><strong>satur</strong></span> <span class='ocrx_word' id='word_1_14' title='bbox 651 552 683 602; x_wconf 87' lang='lat' dir='ltr'><strong>et</strong></span> <span class='ocrx_word' id='word_1_15' title='bbox 703 541 769 602; x_wconf 90' lang='lat' dir='ltr'><strong>vino</strong></span> <span class='ocrx_word' id='word_1_16' title='bbox 792 539 992 620; x_wconf 78' lang='lat' dir='ltr'><strong>semisopuieus</strong></span> <span class='ocrx_word' id='word_1_17' title='bbox 1012 549 1100 600; x_wconf 86' lang='lat' dir='ltr'><strong>umet.</strong></span> 
     </span>
    </p>
   </div>
   <div class='ocr_carea' id='block_1_3' title="bbox 516 661 1291 769">
    <p class='ocr_par' dir='ltr' id='par_1_3' title="bbox 516 661 1291 769">
     <span class='ocr_line' id='line_1_4' title="bbox 516 661 1291 769; baseline -0.008 -1"><span class='ocrx_word' id='word_1_18' title='bbox 516 675 1051 769; x_wconf 76' lang='lat' dir='ltr'><strong>&#39;cnrmcnnssunt</strong></span> <span class='ocrx_word' id='word_1_19' title='bbox 1159 737 1163 745; x_wconf 79' lang='lat'><strong>·</strong></span> <span class='ocrx_word' id='word_1_20' title='bbox 1288 661 1291 670; x_wconf 48' lang='lat'><strong>¹</strong></span> 
     </span>
    </p>
   </div>
   <div class='ocr_carea' id='block_1_4' title="bbox 192 796 1258 1330">
    <p class='ocr_par' dir='ltr' id='par_1_4' title="bbox 192 796 1258 1330">
     <span class='ocr_line' id='line_1_5' title="bbox 388 796 1135 899; baseline -0.012 -10"><span class='ocrx_word' id='word_1_21' title='bbox 388 796 485 899; x_wconf 77' lang='lat' dir='ltr'><strong>Quod</strong></span> <span class='ocrx_word' id='word_1_22' title='bbox 506 825 567 886; x_wconf 83' lang='lat' dir='ltr'><strong>ruri</strong></span> <span class='ocrx_word' id='word_1_23' title='bbox 588 841 688 884; x_wconf 86' lang='lat' dir='ltr'><strong>maneo</strong></span> <span class='ocrx_word' id='word_1_24' title='bbox 710 820 813 882; x_wconf 84' lang='lat' dir='ltr'><strong>studiis</strong></span> <span class='ocrx_word' id='word_1_25' title='bbox 834 819 963 882; x_wconf 84' lang='lat' dir='ltr'><strong>addictus</strong></span> <span class='ocrx_word' id='word_1_26' title='bbox 987 820 1135 892; x_wconf 84' lang='lat' dir='ltr'><strong>honestis,</strong></span> 
     </span>
     <span class='ocr_line' id='line_1_6' title="bbox 470 901 1196 977; baseline -0.008 -7"><span class='ocrx_word' id='word_1_27' title='bbox 470 910 609 971; x_wconf 83' lang='lat' dir='ltr'><strong>Rusticus</strong></span> <span class='ocrx_word' id='word_1_28' title='bbox 632 907 685 966; x_wconf 85' lang='lat' dir='ltr'><strong>hoc</strong></span> <span class='ocrx_word' id='word_1_29' title='bbox 705 903 807 966; x_wconf 82' lang='lat' dir='ltr'><strong>videor</strong></span> <span class='ocrx_word' id='word_1_30' title='bbox 826 905 958 977; x_wconf 88' lang='lat' dir='ltr'><strong>nomine,</strong></span> <span class='ocrx_word' id='word_1_31' title='bbox 981 901 1109 975; x_wconf 79' lang='lat' dir='ltr'>Crasse,</span> <span class='ocrx_word' id='word_1_32' title='bbox 1132 903 1196 964; x_wconf 87' lang='lat' dir='ltr'><strong>tibi.</strong></span> 
     </span>
     <span class='ocr_line' id='line_1_7' title="bbox 385 987 1258 1069; baseline -0.011 -13"><span class='ocrx_word' id='word_1_33' title='bbox 385 995 523 1056; x_wconf 78' lang='lat' dir='ltr'>Rusticus</span> <span class='ocrx_word' id='word_1_34' title='bbox 548 993 598 1050; x_wconf 84' lang='lat' dir='ltr'><strong>illc</strong></span> <span class='ocrx_word' id='word_1_35' title='bbox 620 987 732 1069; x_wconf 80' lang='lat' dir='ltr'><strong>quidem</strong></span> <span class='ocrx_word' id='word_1_36' title='bbox 753 1009 810 1047; x_wconf 89' lang='lat' dir='ltr'><strong>non</strong></span> <span class='ocrx_word' id='word_1_37' title='bbox 831 998 893 1059; x_wconf 91' lang='lat' dir='ltr'><strong>est,</strong></span> <span class='ocrx_word' id='word_1_38' title='bbox 916 989 963 1066; x_wconf 91' lang='lat' dir='ltr'><strong>qui</strong></span> <span class='ocrx_word' id='word_1_39' title='bbox 987 1006 1056 1047; x_wconf 86' lang='lat' dir='ltr'><strong>rura</strong></span> <span class='ocrx_word' id='word_1_40' title='bbox 1076 989 1258 1066; x_wconf 78' lang='lat' dir='ltr'><strong>pererraur,‘</strong></span> 
     </span>
     <span class='ocr_line' id='line_1_8' title="bbox 383 1068 1026 1158; baseline -0.016 -21"><span class='ocrx_word' id='word_1_41' title='bbox 383 1103 389 1114; x_wconf 91' lang='lat'><strong>·</strong></span> <span class='ocrx_word' id='word_1_42' title='bbox 442 1075 734 1158; x_wconf 46' lang='lat' dir='ltr'><strong>¹,1ngeniunrerum</strong></span> <span class='ocrx_word' id='word_1_43' title='bbox 757 1071 919 1150; x_wconf 72' lang='lat' dir='ltr'><strong>cognitione</strong></span> <span class='ocrx_word' id='word_1_44' title='bbox 940 1068 1026 1130; x_wconf 82' lang='lat' dir='ltr'><strong>colit:</strong></span> 
     </span>
     <span class='ocr_line' id='line_1_9' title="bbox 192 1153 1127 1238; baseline -0.016 -14"><span class='ocrx_word' id='word_1_45' title='bbox 192 1221 194 1230; x_wconf 87' lang='grc'><em>,</em></span> <span class='ocrx_word' id='word_1_46' title='bbox 324 1169 344 1222; x_wconf 68' lang='lat'>5</span> <span class='ocrx_word' id='word_1_47' title='bbox 385 1158 428 1222; x_wconf 81' lang='lat' dir='ltr'><strong>At</strong></span> <span class='ocrx_word' id='word_1_48' title='bbox 447 1170 495 1232; x_wconf 90' lang='lat' dir='ltr'><strong>tu,</strong></span> <span class='ocrx_word' id='word_1_49' title='bbox 517 1159 565 1238; x_wconf 91' lang='lat' dir='ltr'><strong>qui</strong></span> <span class='ocrx_word' id='word_1_50' title='bbox 589 1155 691 1216; x_wconf 87' lang='lat' dir='ltr'><strong>nuliam</strong></span> <span class='ocrx_word' id='word_1_51' title='bbox 715 1155 791 1213; x_wconf 90' lang='lat' dir='ltr'><strong>nosti</strong></span> <span class='ocrx_word' id='word_1_52' title='bbox 812 1153 998 1212; x_wconf 88' lang='lat' dir='ltr'><strong>stultissimus</strong></span> <span class='ocrx_word' id='word_1_53' title='bbox 1019 1162 1127 1222; x_wconf 85' lang='lat' dir='ltr'><strong>artem,</strong></span> 
     </span>
     <span class='ocr_line' id='line_1_10' title="bbox 470 1236 1255 1330; baseline -0.013 -27"><span class='ocrx_word' id='word_1_54' title='bbox 470 1242 549 1304; x_wconf 82' lang='lat' dir='ltr'><strong>Esse</strong></span> <span class='ocrx_word' id='word_1_55' title='bbox 570 1241 615 1302; x_wconf 89' lang='lat' dir='ltr'><strong>vcl</strong></span> <span class='ocrx_word' id='word_1_56' title='bbox 635 1241 664 1300; x_wconf 91' lang='lat' dir='ltr'><strong>iu</strong></span> <span class='ocrx_word' id='word_1_57' title='bbox 686 1236 781 1300; x_wconf 83' lang='lat' dir='ltr'><strong>media</strong></span> <span class='ocrx_word' id='word_1_58' title='bbox 801 1238 925 1297; x_wconf 89' lang='lat' dir='ltr'><strong>rusticus</strong></span> <span class='ocrx_word' id='word_1_59' title='bbox 946 1236 1017 1295; x_wconf 80' lang='lat' dir='ltr'><strong>urbe</strong></span> <span class='ocrx_word' id='word_1_60' title='bbox 1038 1245 1153 1330; x_wconf 79' lang='lat' dir='ltr'><strong>potes.¹</strong></span> <span class='ocrx_word' id='word_1_61' title='bbox 1212 1243 1214 1252; x_wconf 81' lang='grc'><strong>“</strong></span> <span class='ocrx_word' id='word_1_62' title='bbox 1252 1293 1255 1300; x_wconf 88' lang='grc'><em>,</em></span> 
     </span>
    </p>
   </div>
   <div class='ocr_carea' id='block_1_5' title="bbox 469 1399 1039 1465">
    <p class='ocr_par' dir='ltr' id='par_1_5' title="bbox 469 1399 1039 1465">
     <span class='ocr_line' id='line_1_11' title="bbox 469 1399 1039 1465; baseline -0.007 0"><span class='ocrx_word' id='word_1_63' title='bbox 469 1427 473 1434; x_wconf 93' lang='grc'>·</span> <span class='ocrx_word' id='word_1_64' title='bbox 570 1402 638 1465; x_wconf 87' lang='lat' dir='ltr'><strong>cli.</strong></span> <span class='ocrx_word' id='word_1_65' title='bbox 685 1401 745 1464; x_wconf 81' lang='lat' dir='ltr'><strong>itt</strong></span> <span class='ocrx_word' id='word_1_66' title='bbox 779 1399 1039 1462; x_wconf 82' lang='lat' dir='ltr'><strong>GAURUM.</strong></span> 
     </span>
    </p>
   </div>
   <div class='ocr_carea' id='block_1_6' title="bbox 385 1493 1202 1686">
    <p class='ocr_par' dir='ltr' id='par_1_6' title="bbox 385 1493 1202 1686">
     <span class='ocr_line' id='line_1_12' title="bbox 385 1493 1142 1598; baseline -0.008 -18"><span class='ocrx_word' id='word_1_67' title='bbox 385 1493 485 1584; x_wconf 80' lang='lat' dir='ltr'><strong>Fama</strong></span> <span class='ocrx_word' id='word_1_68' title='bbox 507 1531 570 1593; x_wconf 86' lang='lat' dir='ltr'><strong>est,</strong></span> <span class='ocrx_word' id='word_1_69' title='bbox 593 1518 647 1579; x_wconf 91' lang='lat' dir='ltr'><strong>hoc</strong></span> <span class='ocrx_word' id='word_1_70' title='bbox 669 1539 743 1578; x_wconf 91' lang='lat' dir='ltr'><strong>anuo</strong></span> <span class='ocrx_word' id='word_1_71' title='bbox 764 1519 917 1579; x_wconf 87' lang='lat' dir='ltr'><strong>morituros</strong></span> <span class='ocrx_word' id='word_1_72' title='bbox 938 1536 1005 1577; x_wconf 85' lang='lat' dir='ltr'><strong>csse</strong></span> <span class='ocrx_word' id='word_1_73' title='bbox 1019 1519 1142 1598; x_wconf 68' lang='lat' dir='ltr'><strong>unitus:</strong></span> 
     </span>
     <span class='ocr_line' id='line_1_13' title="bbox 471 1598 1202 1686; baseline -0.007 -23"><span class='ocrx_word' id='word_1_74' title='bbox 471 1601 696 1686; x_wconf 78' lang='lat' dir='ltr'><strong>Quirimctuis‘t</strong></span> <span class='ocrx_word' id='word_1_75' title='bbox 714 1601 758 1662; x_wconf 91' lang='lat' dir='ltr'><strong>nii</strong></span> <span class='ocrx_word' id='word_1_76' title='bbox 778 1611 825 1674; x_wconf 86' lang='lat' dir='ltr'><strong>tc,</strong></span> <span class='ocrx_word' id='word_1_77' title='bbox 849 1600 964 1674; x_wconf 75' lang='lat' dir='ltr'><strong>Gauro,</strong></span> <span class='ocrx_word' id='word_1_78' title='bbox 987 1601 1089 1662; x_wconf 89' lang='lat' dir='ltr'><strong>timere</strong></span> <span class='ocrx_word' id='word_1_79' title='bbox 1109 1598 1202 1660; x_wconf 86' lang='lat' dir='ltr'><strong>dccet.</strong></span> 
     </span>
    </p>
   </div>
   <div class='ocr_carea' id='block_1_7' title="bbox 543 1763 1059 1830">
    <p class='ocr_par' dir='ltr' id='par_1_7' title="bbox 543 1763 1059 1830">
     <span class='ocr_line' id='line_1_14' title="bbox 543 1763 1059 1830; baseline -0.006 -2"><span class='ocrx_word' id='word_1_80' title='bbox 543 1765 628 1828; x_wconf 83' lang='lat' dir='ltr'><strong>ciii.</strong></span> <span class='ocrx_word' id='word_1_81' title='bbox 671 1765 734 1830; x_wconf 86' lang='lat' dir='ltr'><strong>IN</strong></span> <span class='ocrx_word' id='word_1_82' title='bbox 769 1763 1059 1827; x_wconf 80' lang='lat' dir='ltr'><strong>RUFlNUM.</strong></span> 
     </span>
    </p>
   </div>
   <div class='ocr_carea' id='block_1_8' title="bbox 322 1851 1251 2880">
    <p class='ocr_par' dir='ltr' id='par_1_8' title="bbox 322 1851 1251 2880">
     <span class='ocr_line' id='line_1_15' title="bbox 385 1851 1068 1954; baseline -0.001 -11"><span class='ocrx_word' id='word_1_83' title='bbox 385 1851 468 1947; x_wconf 73' lang='lat' dir='ltr'><strong>Cum</strong></span> <span class='ocrx_word' id='word_1_84' title='bbox 490 1894 593 1945; x_wconf 82' lang='lat' dir='ltr'><strong>coenet</strong></span> <span class='ocrx_word' id='word_1_85' title='bbox 611 1903 695 1943; x_wconf 87' lang='lat' dir='ltr'><strong>uerno</strong></span> <span class='ocrx_word' id='word_1_86' title='bbox 717 1893 777 1943; x_wconf 86' lang='lat' dir='ltr'><strong>totu</strong></span> <span class='ocrx_word' id='word_1_87' title='bbox 796 1895 826 1943; x_wconf 90' lang='lat' dir='ltr'><strong>te</strong></span> <span class='ocrx_word' id='word_1_88' title='bbox 850 1883 954 1942; x_wconf 89' lang='lat' dir='ltr'><strong>lautius</strong></span> <span class='ocrx_word' id='word_1_89' title='bbox 978 1882 1068 1954; x_wconf 71' lang='lat' dir='ltr'><strong>urite,</strong></span> 
     </span>
     <span class='ocr_line' id='line_1_16' title="bbox 469 1965 1191 2046; baseline -0.007 -18"><span class='ocrx_word' id='word_1_90' title='bbox 469 1965 518 2028; x_wconf 81' lang='lat' dir='ltr'><strong>Ad</strong></span> <span class='ocrx_word' id='word_1_91' title='bbox 539 1979 588 2027; x_wconf 88' lang='lat' dir='ltr'><strong>tua</strong></span> <span class='ocrx_word' id='word_1_92' title='bbox 609 1986 763 2027; x_wconf 77' lang='lat' dir='ltr'><strong>cursurus</strong></span> <span class='ocrx_word' id='word_1_93' title='bbox 786 1965 923 2046; x_wconf 85' lang='lat' dir='ltr'><strong>prandia,</strong></span> <span class='ocrx_word' id='word_1_94' title='bbox 946 1966 1077 2046; x_wconf 71' lang='lat' dir='ltr'><strong>quaeris,</strong></span> <span class='ocrx_word' id='word_1_95' title='bbox 1104 1965 1191 2024; x_wconf 75' lang='lat' dir='ltr'><strong>cam?</strong></span> 
     </span>
     <span class='ocr_line' id='line_1_17' title="bbox 384 2047 1188 2128; baseline -0.007 -15"><span class='ocrx_word' id='word_1_96' title='bbox 384 2052 514 2113; x_wconf 82' lang='lat' dir='ltr'><strong>Accubui</strong></span> <span class='ocrx_word' id='word_1_97' title='bbox 537 2050 654 2112; x_wconf 80' lang='lat' dir='ltr'><strong>simulac</strong></span> <span class='ocrx_word' id='word_1_98' title='bbox 675 2059 785 2122; x_wconf 88' lang='lat' dir='ltr'><strong>tecum,</strong></span> <span class='ocrx_word' id='word_1_99' title='bbox 809 2049 930 2121; x_wconf 84' lang='lat' dir='ltr'><strong>Rufino,</strong></span> <span class='ocrx_word' id='word_1_100' title='bbox 955 2059 1106 2128; x_wconf 78' lang='lat' dir='ltr'><strong>monetque</strong></span> <span class='ocrx_word' id='word_1_101' title='bbox 1145 2117 1148 2122; x_wconf 29' lang='lat'><strong><em>¹</em></strong></span> <span class='ocrx_word' id='word_1_102' title='bbox 1187 2047 1188 2050; x_wconf 67' lang='grc'>’</span> 
     </span>
     <span class='ocr_line' id='line_1_18' title="bbox 469 2129 1142 2214; baseline -0.007 -19"><span class='ocrx_word' id='word_1_103' title='bbox 469 2135 585 2195; x_wconf 87' lang='lat' dir='ltr'><strong>Primus</strong></span> <span class='ocrx_word' id='word_1_104' title='bbox 606 2135 636 2194; x_wconf 89' lang='lat' dir='ltr'><strong>in</strong></span> <span class='ocrx_word' id='word_1_105' title='bbox 658 2135 804 2214; x_wconf 84' lang='lat' dir='ltr'><strong>appositas</strong></span> <span class='ocrx_word' id='word_1_106' title='bbox 825 2133 946 2213; x_wconf 83' lang='lat' dir='ltr'><strong>impetus</strong></span> <span class='ocrx_word' id='word_1_107' title='bbox 970 2132 1015 2192; x_wconf 89' lang='lat' dir='ltr'><strong>iro</strong></span> <span class='ocrx_word' id='word_1_108' title='bbox 1035 2129 1142 2211; x_wconf 78' lang='lat' dir='ltr'><strong>dapes:</strong></span> 
     </span>
     <span class='ocr_line' id='line_1_19' title="bbox 322 2216 1225 2282; baseline -0.007 -2"><span class='ocrx_word' id='word_1_109' title='bbox 322 2225 343 2280; x_wconf 76' lang='lat' dir='ltr'><strong>ts</strong></span> <span class='ocrx_word' id='word_1_110' title='bbox 384 2216 459 2279; x_wconf 81' lang='lat' dir='ltr'><strong>Mox</strong></span> <span class='ocrx_word' id='word_1_111' title='bbox 477 2219 599 2282; x_wconf 81' lang='lat' dir='ltr'><strong>onerare</strong></span> <span class='ocrx_word' id='word_1_112' title='bbox 620 2237 698 2278; x_wconf 87' lang='lat' dir='ltr'><strong>meas</strong></span> <span class='ocrx_word' id='word_1_113' title='bbox 721 2216 839 2276; x_wconf 87' lang='lat' dir='ltr'><strong>insulsis</strong></span> <span class='ocrx_word' id='word_1_114' title='bbox 860 2216 992 2275; x_wconf 80' lang='lat' dir='ltr'><strong>versibus</strong></span> <span class='ocrx_word' id='word_1_115' title='bbox 1013 2234 1099 2275; x_wconf 85' lang='lat' dir='ltr'><strong>aures</strong></span> <span class='ocrx_word' id='word_1_116' title='bbox 1217 2227 1225 2238; x_wconf 87' lang='lat'><strong>·</strong></span> 
     </span>
     <span class='ocr_line' id='line_1_20' title="bbox 471 2299 1040 2382; baseline -0.009 -21"><span class='ocrx_word' id='word_1_117' title='bbox 471 2302 579 2382; x_wconf 83' lang='lat' dir='ltr'><strong>Incipis</strong></span> <span class='ocrx_word' id='word_1_118' title='bbox 601 2310 631 2360; x_wconf 85' lang='lat' dir='ltr'><strong>ct</strong></span> <span class='ocrx_word' id='word_1_119' title='bbox 649 2320 741 2378; x_wconf 84' lang='lat' dir='ltr'><strong>nugas</strong></span> <span class='ocrx_word' id='word_1_120' title='bbox 761 2299 939 2379; x_wconf 77' lang='lat' dir='ltr'><strong>ingeminare</strong></span> <span class='ocrx_word' id='word_1_121' title='bbox 959 2309 1040 2358; x_wconf 84' lang='lat' dir='ltr'><strong>tuas:</strong></span> 
     </span>
     <span class='ocr_line' id='line_1_21' title="bbox 385 2379 1251 2463; baseline -0.002 -17"><span class='ocrx_word' id='word_1_122' title='bbox 385 2383 450 2446; x_wconf 86' lang='lat' dir='ltr'><strong>Neo</strong></span> <span class='ocrx_word' id='word_1_123' title='bbox 470 2387 737 2463; x_wconf 54' lang='lat' dir='ltr'><strong>reticestunquam,</strong></span> <span class='ocrx_word' id='word_1_124' title='bbox 760 2379 812 2443; x_wconf 88' lang='lat' dir='ltr'><strong>sed</strong></span> <span class='ocrx_word' id='word_1_125' title='bbox 832 2382 868 2441; x_wconf 85' lang='lat' dir='ltr'><strong>ab</strong></span> <span class='ocrx_word' id='word_1_126' title='bbox 889 2402 943 2442; x_wconf 93' lang='lat' dir='ltr'><strong>ovo</strong></span> <span class='ocrx_word' id='word_1_127' title='bbox 966 2380 1003 2441; x_wconf 83' lang='lat' dir='ltr'><strong>ad</strong></span> <span class='ocrx_word' id='word_1_128' title='bbox 1022 2380 1095 2440; x_wconf 85' lang='lat' dir='ltr'><strong>maia</strong></span> <span class='ocrx_word' id='word_1_129' title='bbox 1116 2401 1251 2444; x_wconf 82' lang='lat' dir='ltr'><strong>recenses</strong></span> 
     </span>
     <span class='ocr_line' id='line_1_22' title="bbox 468 2465 1200 2548; baseline -0.004 -18"><span class='ocrx_word' id='word_1_130' title='bbox 468 2469 547 2540; x_wconf 84' lang='lat' dir='ltr'><strong>Vix,</strong></span> <span class='ocrx_word' id='word_1_131' title='bbox 570 2477 655 2548; x_wconf 89' lang='lat' dir='ltr'><strong>puio,</strong></span> <span class='ocrx_word' id='word_1_132' title='bbox 678 2477 860 2548; x_wconf 82' lang='lat' dir='ltr'><strong>percoctum</strong></span> <span class='ocrx_word' id='word_1_133' title='bbox 883 2466 1009 2525; x_wconf 89' lang='lat' dir='ltr'><strong>carmina</strong></span> <span class='ocrx_word' id='word_1_134' title='bbox 1030 2465 1107 2524; x_wconf 81' lang='lat' dir='ltr'><strong>iacta</strong></span> <span class='ocrx_word' id='word_1_135' title='bbox 1125 2465 1200 2528; x_wconf 85' lang='lat' dir='ltr'><strong>dics.</strong></span> 
     </span>
     <span class='ocr_line' id='line_1_23' title="bbox 383 2548 1122 2630; baseline -0.004 -20"><span class='ocrx_word' id='word_1_136' title='bbox 383 2549 468 2625; x_wconf 80' lang='lat' dir='ltr'><strong>Quae</strong></span> <span class='ocrx_word' id='word_1_137' title='bbox 491 2553 517 2610; x_wconf 88' lang='lat' dir='ltr'><strong>si</strong></span> <span class='ocrx_word' id='word_1_138' title='bbox 538 2552 601 2630; x_wconf 89' lang='lat' dir='ltr'><strong>quis</strong></span> <span class='ocrx_word' id='word_1_139' title='bbox 625 2570 711 2610; x_wconf 90' lang='lat' dir='ltr'><strong>sanus</strong></span> <span class='ocrx_word' id='word_1_140' title='bbox 733 2549 852 2628; x_wconf 88' lang='lat' dir='ltr'><strong>patienti</strong></span> <span class='ocrx_word' id='word_1_141' title='bbox 872 2548 1013 2608; x_wconf 88' lang='lat' dir='ltr'><strong>combibat</strong></span> <span class='ocrx_word' id='word_1_142' title='bbox 1032 2567 1122 2620; x_wconf 84' lang='lat' dir='ltr'><strong>aure,</strong></span> 
     </span>
     <span class='ocr_line' id='line_1_24' title="bbox 324 2631 1107 2712; baseline -0.006 -17"><span class='ocrx_word' id='word_1_143' title='bbox 324 2639 365 2695; x_wconf 85' lang='lat' dir='ltr'><strong>to</strong></span> <span class='ocrx_word' id='word_1_144' title='bbox 468 2633 550 2693; x_wconf 85' lang='lat' dir='ltr'><strong>Ilium</strong></span> <span class='ocrx_word' id='word_1_145' title='bbox 571 2631 743 2692; x_wconf 77' lang='lat' dir='ltr'><strong>adamantini</strong></span> <span class='ocrx_word' id='word_1_146' title='bbox 763 2633 888 2712; x_wconf 84' lang='lat' dir='ltr'><strong>pectoris</strong></span> <span class='ocrx_word' id='word_1_147' title='bbox 911 2651 978 2691; x_wconf 87' lang='lat' dir='ltr'><strong>csse</strong></span> <span class='ocrx_word' id='word_1_148' title='bbox 1001 2642 1107 2711; x_wconf 85' lang='lat' dir='ltr'><strong>putem.</strong></span> 
     </span>
     <span class='ocr_line' id='line_1_25' title="bbox 384 2713 1145 2794; baseline -0.008 -16"><span class='ocrx_word' id='word_1_149' title='bbox 384 2717 525 2788; x_wconf 81' lang='lat' dir='ltr'><strong>Miraris,</strong></span> <span class='ocrx_word' id='word_1_150' title='bbox 549 2735 601 2775; x_wconf 90' lang='lat' dir='ltr'><strong>cur</strong></span> <span class='ocrx_word' id='word_1_151' title='bbox 620 2725 649 2775; x_wconf 91' lang='lat' dir='ltr'><strong>te</strong></span> <span class='ocrx_word' id='word_1_152' title='bbox 670 2736 726 2775; x_wconf 93' lang='lat' dir='ltr'><strong>non</strong></span> <span class='ocrx_word' id='word_1_153' title='bbox 745 2713 852 2794; x_wconf 88' lang='lat' dir='ltr'><strong>possim</strong></span> <span class='ocrx_word' id='word_1_154' title='bbox 875 2715 955 2775; x_wconf 80' lang='lat' dir='ltr'><strong>forre</strong></span> <span class='ocrx_word' id='word_1_155' title='bbox 975 2713 1145 2774; x_wconf 78' lang='lat' dir='ltr'><strong>canentem?</strong></span> 
     </span>
     <span class='ocr_line' id='line_1_26' title="bbox 466 2797 1187 2880; baseline 0 -20"><span class='ocrx_word' id='word_1_156' title='bbox 466 2799 574 2860; x_wconf 85' lang='lat' dir='ltr'><strong>Mensa</strong></span> <span class='ocrx_word' id='word_1_157' title='bbox 591 2799 656 2880; x_wconf 84' lang='lat' dir='ltr'><strong>ipsa</strong></span> <span class='ocrx_word' id='word_1_158' title='bbox 677 2797 803 2880; x_wconf 83' lang='lat' dir='ltr'><strong>insipido</strong></span> <span class='ocrx_word' id='word_1_159' title='bbox 822 2799 948 2859; x_wconf 86' lang='lat' dir='ltr'><strong>carmine</strong></span> <span class='ocrx_word' id='word_1_160' title='bbox 968 2817 1071 2878; x_wconf 83' lang='lat' dir='ltr'><strong>pressa</strong></span> <span class='ocrx_word' id='word_1_161' title='bbox 1089 2801 1187 2877; x_wconf 78' lang='lat' dir='ltr'><strong>gemit.</strong></span> 
     </span>
    </p>
   </div>
   <div class='ocr_carea' id='block_1_9' title="bbox 518 2927 1088 3013">
    <p class='ocr_par' dir='ltr' id='par_1_9' title="bbox 518 2927 1088 3013">
     <span class='ocr_line' id='line_1_27' title="bbox 518 2927 1088 3013; baseline -0.002 -4"><span class='ocrx_word' id='word_1_162' title='bbox 518 2947 601 3011; x_wconf 81' lang='lat' dir='ltr'><strong>civ.</strong></span> <span class='ocrx_word' id='word_1_163' title='bbox 644 2948 706 3013; x_wconf 79' lang='lat' dir='ltr'><strong>lm</strong></span> <span class='ocrx_word' id='word_1_164' title='bbox 742 2927 1088 3013; x_wconf 81' lang='lat' dir='ltr'><strong>rourum&#39;nm.</strong></span> 
     </span>
    </p>
   </div>
   <div class='ocr_carea' id='block_1_10' title="bbox 381 3033 1131 3229">
    <p class='ocr_par' dir='ltr' id='par_1_10' title="bbox 381 3033 1131 3229">
     <span class='ocr_line' id='line_1_28' title="bbox 381 3033 1116 3144; baseline -0.001 -20"><span class='ocrx_word' id='word_1_165' title='bbox 381 3033 520 3138; x_wconf 78' lang='lat' dir='ltr'><strong>Fortuna</strong></span> <span class='ocrx_word' id='word_1_166' title='bbox 537 3067 703 3126; x_wconf 85' lang='lat' dir='ltr'><strong>inconstans</strong></span> <span class='ocrx_word' id='word_1_167' title='bbox 725 3075 755 3125; x_wconf 88' lang='lat' dir='ltr'><strong>ct</strong></span> <span class='ocrx_word' id='word_1_168' title='bbox 776 3075 876 3126; x_wconf 82' lang='lat' dir='ltr'><strong>neutro</strong></span> <span class='ocrx_word' id='word_1_169' title='bbox 898 3075 977 3126; x_wconf 80' lang='lat' dir='ltr'><strong>certa</strong></span> <span class='ocrx_word' id='word_1_170' title='bbox 998 3076 1116 3144; x_wconf 89' lang='lat' dir='ltr'><strong>paratu,</strong></span> 
     </span>
     <span class='ocr_line' id='line_1_29' title="bbox 467 3149 1131 3229; baseline -0.005 -17"><span class='ocrx_word' id='word_1_171' title='bbox 467 3150 525 3212; x_wconf 79' lang='lat' dir='ltr'><strong>vei</strong></span> <span class='ocrx_word' id='word_1_172' title='bbox 546 3150 661 3210; x_wconf 78' lang='lat' dir='ltr'><strong>factura</strong></span> <span class='ocrx_word' id='word_1_173' title='bbox 680 3149 801 3229; x_wconf 86' lang='lat' dir='ltr'><strong>premit,</strong></span> <span class='ocrx_word' id='word_1_174' title='bbox 824 3149 870 3209; x_wconf 89' lang='lat' dir='ltr'><strong>vei</strong></span> <span class='ocrx_word' id='word_1_175' title='bbox 892 3150 1024 3210; x_wconf 86' lang='lat' dir='ltr'><strong>nocitura</strong></span> <span class='ocrx_word' id='word_1_176' title='bbox 1044 3149 1131 3212; x_wconf 82' lang='lat' dir='ltr'><strong>favet.</strong></span> 
     </span>
    </p>
   </div>
   <div class='ocr_carea' id='block_1_11' title="bbox 182 3259 1334 3466">
    <p class='ocr_par' dir='ltr' id='par_1_11' title="bbox 182 3259 1334 3466">
     <span class='ocr_line' id='line_1_30' title="bbox 189 3259 1334 3364; baseline 0.003 -5"><span class='ocrx_word' id='word_1_177' title='bbox 189 3313 237 3360; x_wconf 70' lang='lat' dir='ltr'><strong>ns</strong></span> <span class='ocrx_word' id='word_1_178' title='bbox 277 3296 345 3361; x_wconf 90' lang='lat' dir='ltr'><strong>cv.</strong></span> <span class='ocrx_word' id='word_1_179' title='bbox 388 3276 438 3361; x_wconf 74' lang='lat' dir='ltr'><strong>ut</strong></span> <span class='ocrx_word' id='word_1_180' title='bbox 452 3293 785 3360; x_wconf 76' lang='lat' dir='ltr'><strong>commmusnros</strong></span> <span class='ocrx_word' id='word_1_181' title='bbox 806 3259 915 3360; x_wconf 78' lang='lat' dir='ltr'><strong>runis</strong></span> <span class='ocrx_word' id='word_1_182' title='bbox 936 3298 1088 3361; x_wconf 82' lang='lat' dir='ltr'><strong>crvmis</strong></span> <span class='ocrx_word' id='word_1_183' title='bbox 1108 3297 1334 3364; x_wconf 69' lang='lat' dir='ltr'><strong>uniuersos</strong></span> 
     </span>
     <span class='ocr_line' id='line_1_31' title="bbox 182 3381 1096 3466; baseline 0.003 -24"><span class='ocrx_word' id='word_1_184' title='bbox 182 3423 185 3432; x_wconf 62' lang='grc'>,</span> <span class='ocrx_word' id='word_1_185' title='bbox 521 3381 709 3444; x_wconf 65' lang='lat' dir='ltr'><strong>connum</strong></span> <span class='ocrx_word' id='word_1_186' title='bbox 730 3381 821 3466; x_wconf 76' lang='lat' dir='ltr'><strong>vrnr</strong></span> <span class='ocrx_word' id='word_1_187' title='bbox 842 3381 1096 3445; x_wconf 76' lang='lat' dir='ltr'><strong>cnnnrssrmn</strong></span> 
     </span>
    </p>
   </div>
   <div class='ocr_carea' id='block_1_12' title="bbox 427 3485 1167 3545">
    <p class='ocr_par' dir='ltr' id='par_1_12' title="bbox 427 3485 1167 3545">
     <span class='ocr_line' id='line_1_32' title="bbox 427 3485 1167 3545; baseline 0.003 -11"><span class='ocrx_word' id='word_1_188' title='bbox 427 3485 545 3535; x_wconf 70' lang='lat' dir='ltr'><strong>Licuit</strong></span> <span class='ocrx_word' id='word_1_189' title='bbox 565 3489 651 3535; x_wconf 77' lang='lat' dir='ltr'>IPSE</span> <span class='ocrx_word' id='word_1_190' title='bbox 672 3489 883 3538; x_wconf 67' lang='lat' dir='ltr'><strong>LECTOREM</strong></span> <span class='ocrx_word' id='word_1_191' title='bbox 903 3488 1167 3545; x_wconf 72' lang='lat' dir='ltr'><strong>Ahmuotiirtut</strong></span> 
     </span>
    </p>
   </div>
   <div class='ocr_carea' id='block_1_13' title="bbox 279 3563 1200 4258">
    <p class='ocr_par' dir='ltr' id='par_1_13' title="bbox 378 3563 1200 3761">
     <span class='ocr_line' id='line_1_33' title="bbox 378 3563 1200 3676; baseline 0.007 -24"><span class='ocrx_word' id='word_1_192' title='bbox 378 3563 467 3656; x_wconf 83' lang='lat' dir='ltr'><strong>Dum</strong></span> <span class='ocrx_word' id='word_1_193' title='bbox 488 3581 543 3654; x_wconf 76' lang='lat' dir='ltr'><strong>tuis·</strong></span> <span class='ocrx_word' id='word_1_194' title='bbox 555 3595 597 3656; x_wconf 88' lang='lat' dir='ltr'><strong>nii</strong></span> <span class='ocrx_word' id='word_1_195' title='bbox 616 3607 734 3676; x_wconf 73' lang='lat' dir='ltr'><strong>pmtcr</strong></span> <span class='ocrx_word' id='word_1_196' title='bbox 754 3597 881 3658; x_wconf 77' lang='lat' dir='ltr'><strong>curantis</strong></span> <span class='ocrx_word' id='word_1_197' title='bbox 903 3595 1067 3670; x_wconf 87' lang='lat' dir='ltr'><strong>commoda,</strong></span> <span class='ocrx_word' id='word_1_198' title='bbox 1090 3597 1200 3670; x_wconf 85' lang='lat' dir='ltr'><strong>lector,</strong></span> 
     </span>
     <span class='ocr_line' id='line_1_34' title="bbox 485 3678 1104 3761; baseline 0 -21"><span class='ocrx_word' id='word_1_199' title='bbox 485 3678 538 3740; x_wconf 85' lang='lat' dir='ltr'><strong>Mc</strong></span> <span class='ocrx_word' id='word_1_200' title='bbox 555 3682 647 3758; x_wconf 69' lang='lat' dir='ltr'><strong>patris</strong></span> <span class='ocrx_word' id='word_1_201' title='bbox 668 3679 785 3740; x_wconf 82' lang='lat' dir='ltr'><strong>assiduo</strong></span> <span class='ocrx_word' id='word_1_202' title='bbox 807 3699 877 3740; x_wconf 92' lang='lat' dir='ltr'><strong>cura</strong></span> <span class='ocrx_word' id='word_1_203' title='bbox 896 3681 995 3742; x_wconf 86' lang='lat' dir='ltr'><strong>lahorc</strong></span> <span class='ocrx_word' id='word_1_204' title='bbox 1015 3681 1104 3761; x_wconf 83' lang='lat' dir='ltr'><strong>polit,</strong></span> 
     </span>
    </p>

    <p class='ocr_par' dir='ltr' id='par_1_14' title="bbox 376 3758 1146 3920">
     <span class='ocr_line' id='line_1_35' title="bbox 376 3758 1146 3840; baseline 0.008 -18"><span class='ocrx_word' id='word_1_205' title='bbox 376 3758 510 3840; x_wconf 82' lang='lat' dir='ltr'><strong>Dumque</strong></span> <span class='ocrx_word' id='word_1_206' title='bbox 533 3760 634 3824; x_wconf 83' lang='lat' dir='ltr'><strong>dicbus</strong></span> <span class='ocrx_word' id='word_1_207' title='bbox 656 3773 827 3825; x_wconf 72' lang='lat' dir='ltr'><strong>metictas</strong></span> <span class='ocrx_word' id='word_1_208' title='bbox 850 3783 887 3824; x_wconf 86' lang='lat' dir='ltr'><strong>cx</strong></span> <span class='ocrx_word' id='word_1_209' title='bbox 908 3763 1010 3825; x_wconf 86' lang='lat' dir='ltr'><strong>ordino</strong></span> <span class='ocrx_word' id='word_1_210' title='bbox 1028 3775 1146 3838; x_wconf 79' lang='lat' dir='ltr'><strong>noctes,</strong></span> 
     </span>
     <span class='ocr_line' id='line_1_36' title="bbox 462 3844 1041 3920; baseline 0.007 -16"><span class='ocrx_word' id='word_1_211' title='bbox 462 3844 604 3905; x_wconf 79' lang='lat' dir='ltr'><strong>Noctibus</strong></span> <span class='ocrx_word' id='word_1_212' title='bbox 627 3857 657 3906; x_wconf 89' lang='lat' dir='ltr'><strong>ot</strong></span> <span class='ocrx_word' id='word_1_213' title='bbox 676 3857 751 3906; x_wconf 86' lang='lat' dir='ltr'><strong>totos</strong></span> <span class='ocrx_word' id='word_1_214' title='bbox 773 3848 939 3910; x_wconf 85' lang='lat' dir='ltr'><strong>continuare</strong></span> <span class='ocrx_word' id='word_1_215' title='bbox 960 3846 1041 3920; x_wconf 82' lang='lat' dir='ltr'><strong>iios,</strong></span> 
     </span>
    </p>

    <p class='ocr_par' dir='ltr' id='par_1_15' title="bbox 279 3924 1166 4012">
     <span class='ocr_line' id='line_1_37' title="bbox 279 3924 1166 4012; baseline 0.006 -27"><span class='ocrx_word' id='word_1_216' title='bbox 279 3939 295 3988; x_wconf 84' lang='grc'><strong>’,</strong></span> <span class='ocrx_word' id='word_1_217' title='bbox 316 3929 337 3990; x_wconf 71' lang='grc' dir='ltr'><strong>Β</strong></span> <span class='ocrx_word' id='word_1_218' title='bbox 378 3924 446 4008; x_wconf 84' lang='lat' dir='ltr'><strong>lpse</strong></span> <span class='ocrx_word' id='word_1_219' title='bbox 467 3925 594 4010; x_wconf 84' lang='lat' dir='ltr'><strong>(fatebor</strong></span> <span class='ocrx_word' id='word_1_220' title='bbox 614 3930 688 3988; x_wconf 86' lang='lat' dir='ltr'><strong>crim</strong></span> <span class='ocrx_word' id='word_1_221' title='bbox 709 3927 825 4012; x_wconf 78' lang='lat' dir='ltr'><strong>infelix)</strong></span> <span class='ocrx_word' id='word_1_222' title='bbox 848 3929 1016 4010; x_wconf 77' lang='lat' dir='ltr'><strong>dominoque</strong></span> <span class='ocrx_word' id='word_1_223' title='bbox 1036 3930 1166 4011; x_wconf 79' lang='lat' dir='ltr'><strong>patrique</strong></span> 
     </span>
    </p>

    <p class='ocr_par' dir='ltr' id='par_1_16' title="bbox 463 4010 1128 4092">
     <span class='ocr_line' id='line_1_38' title="bbox 463 4010 1128 4092; baseline 0.006 -22"><span class='ocrx_word' id='word_1_224' title='bbox 463 4010 532 4090; x_wconf 84' lang='lat' dir='ltr'><strong>lpse</strong></span> <span class='ocrx_word' id='word_1_225' title='bbox 552 4011 631 4071; x_wconf 87' lang='lat' dir='ltr'><strong>necis</strong></span> <span class='ocrx_word' id='word_1_226' title='bbox 650 4031 790 4092; x_wconf 82' lang='lat' dir='ltr'><strong>properae</strong></span> <span class='ocrx_word' id='word_1_227' title='bbox 810 4013 933 4074; x_wconf 83' lang='lat' dir='ltr'><strong>maxima</strong></span> <span class='ocrx_word' id='word_1_228' title='bbox 953 4031 1056 4074; x_wconf 83' lang='lat' dir='ltr'><strong>caussa</strong></span> <span class='ocrx_word' id='word_1_229' title='bbox 1075 4013 1128 4074; x_wconf 81' lang='lat' dir='ltr'><strong>fui.</strong></span> 
     </span>
    </p>

    <p class='ocr_par' dir='ltr' id='par_1_17' title="bbox 377 4092 1190 4258">
     <span class='ocr_line' id='line_1_39' title="bbox 377 4092 1190 4176; baseline -0.001 -21"><span class='ocrx_word' id='word_1_230' title='bbox 377 4092 488 4155; x_wconf 86' lang='lat' dir='ltr'><strong>Verum</strong></span> <span class='ocrx_word' id='word_1_231' title='bbox 510 4095 595 4154; x_wconf 86' lang='lat' dir='ltr'><strong>etiarn</strong></span> <span class='ocrx_word' id='word_1_232' title='bbox 616 4095 681 4154; x_wconf 87' lang='lat' dir='ltr'><strong>siue</strong></span> <span class='ocrx_word' id='word_1_233' title='bbox 701 4115 767 4169; x_wconf 85' lang='lat' dir='ltr'><strong>mo,</strong></span> <span class='ocrx_word' id='word_1_234' title='bbox 791 4097 888 4156; x_wconf 84' lang='lat' dir='ltr'><strong>fatalia</strong></span> <span class='ocrx_word' id='word_1_235' title='bbox 908 4107 1037 4176; x_wconf 84' lang='lat' dir='ltr'><strong>tempora</strong></span> <span class='ocrx_word' id='word_1_236' title='bbox 1057 4112 1190 4168; x_wconf 78' lang='lat' dir='ltr'><strong>nicusus,</strong></span> 
     </span>
     <span class='ocr_line' id='line_1_40' title="bbox 460 4175 1133 4258; baseline 0 -20"><span class='ocrx_word' id='word_1_237' title='bbox 460 4175 562 4238; x_wconf 81' lang='lat' dir='ltr'><strong>Serico</strong></span> <span class='ocrx_word' id='word_1_238' title='bbox 584 4189 616 4238; x_wconf 87' lang='lat' dir='ltr'><strong>ut</strong></span> <span class='ocrx_word' id='word_1_239' title='bbox 637 4175 751 4258; x_wconf 81' lang='lat' dir='ltr'><strong>paullo,</strong></span> <span class='ocrx_word' id='word_1_240' title='bbox 774 4177 887 4240; x_wconf 82' lang='lat' dir='ltr'><strong>tandem</strong></span> <span class='ocrx_word' id='word_1_241' title='bbox 908 4179 1037 4240; x_wconf 88' lang='lat' dir='ltr'><strong>obiturus</strong></span> <span class='ocrx_word' id='word_1_242' title='bbox 1060 4189 1133 4240; x_wconf 83' lang='lat' dir='ltr'><strong>erat.</strong></span> 
     </span>
    </p>
   </div>
   <div class='ocr_carea' id='block_1_14' title="bbox 249 4323 1346 4442">
    <p class='ocr_par' dir='ltr' id='par_1_18' title="bbox 249 4323 1346 4442">
     <span class='ocr_line' id='line_1_41' title="bbox 307 4323 1346 4384; baseline -0.001 -10"><span class='ocrx_word' id='word_1_243' title='bbox 307 4327 368 4374; x_wconf 81' lang='lat' dir='ltr'><strong>cm.</strong></span> <span class='ocrx_word' id='word_1_244' title='bbox 389 4335 427 4371; x_wconf 85' lang='lat' dir='ltr'><strong>vs.</strong></span> <span class='ocrx_word' id='word_1_245' title='bbox 440 4325 477 4371; x_wconf 87' lang='lat' dir='ltr'><strong>itt.</strong></span> <span class='ocrx_word' id='word_1_246' title='bbox 497 4326 597 4373; x_wconf 86' lang='lat' dir='ltr'><strong>itectius</strong></span> <span class='ocrx_word' id='word_1_247' title='bbox 612 4324 758 4381; x_wconf 78' lang='lat' dir='ltr'><strong>scripsisset,</strong></span> <span class='ocrx_word' id='word_1_248' title='bbox 772 4327 910 4374; x_wconf 70' lang='lat' dir='ltr'><strong>nominaret.</strong></span> <span class='ocrx_word' id='word_1_249' title='bbox 934 4330 1045 4377; x_wconf 69' lang='lat' dir='ltr'><strong>saurus.</strong></span> <span class='ocrx_word' id='word_1_250' title='bbox 1058 4347 1087 4362; x_wconf 90' lang='lat'><strong>-·</strong></span> <span class='ocrx_word' id='word_1_251' title='bbox 1107 4327 1216 4384; x_wconf 72' lang='lat' dir='ltr'><strong>Namatio</strong></span> <span class='ocrx_word' id='word_1_252' title='bbox 1228 4323 1346 4376; x_wconf 82' lang='lat' dir='ltr'><strong>atiiootiui</strong></span> 
     </span>
     <span class='ocr_line' id='line_1_42' title="bbox 249 4382 1144 4442; baseline 0.003 -10"><span class='ocrx_word' id='word_1_253' title='bbox 249 4385 411 4432; x_wconf 64' lang='lat' dir='ltr'><strong>mouciaco</strong></span> <span class='ocrx_word' id='word_1_254' title='bbox 423 4384 557 4440; x_wconf 76' lang='lat' dir='ltr'><strong>cenciano</strong></span> <span class='ocrx_word' id='word_1_255' title='bbox 570 4385 667 4440; x_wconf 72' lang='lat' dir='ltr'><strong>usitata</strong></span> <span class='ocrx_word' id='word_1_256' title='bbox 681 4382 816 4442; x_wconf 76' lang='lat' dir='ltr'><strong>concinitur.</strong></span> <span class='ocrx_word' id='word_1_257' title='bbox 844 4385 890 4434; x_wconf 75' lang='lat' dir='ltr'><strong>iit.</strong></span> <span class='ocrx_word' id='word_1_258' title='bbox 1142 4407 1144 4414; x_wconf 42' lang='lat' dir='ltr'>v</span> 
     </span>
    </p>
   </div>
   <div class='ocr_carea' id='block_1_15' title="bbox 0 0 1484 5070">
    <p class='ocr_par' dir='ltr' id='par_1_19' title="bbox 0 0 1484 5070">
     <span class='ocr_line' id='line_1_43' title="bbox 0 0 1484 5070; baseline 0 0"><span class='ocrx_word' id='word_1_259' title='bbox 0 0 1484 5070; x_wconf 95' lang='lat' dir='ltr'><strong> </strong></span> 
     </span>
    </p>
   </div>
  </div>
 </body>
</html>
