2980 5074
216 335 223 352 ·
289 315 352 386 net
688 259 968 376 immunem

169 503 172 518 '
288 481 389 550 videor
402 479 694 564 prope2ninguieren.
730 476 924 556 Quodantem
941 480 1026 542 edam
1042 479 1378 560 oinriueimnnneprae·
1472 479 1473 546 ³

288 568 494 632 nnnussinnn
506 567 615 638 uirum,
639 562 896 644 Arediepiniopum
909 563 1139 640 Narbonensem,
1155 563 1246 645 usque
1259 583 1295 626 eo
1309 565 1379 623 ami·

289 673 351 714 uum
367 667 434 712 ense
451 650 554 712 uentis
563 691 574 722 ,
585 699 587 706 .
598 658 630 708 ut
642 645 678 708 de
686 663 748 720 ’πως
772 647 888 708 tantm
901 649 978 708 tendi
992 659 1022 708 et
1031 648 1148 710 infimae
1160 649 1260 722 sortis,
1275 659 1379 716 ¹teritus

288 736 335 798 uir
352 743 481 796 emuntur
501 743 532 794 et
545 730 708 806 ‚honorifice
726 731 871 811 loquitur:
895 749 950 810 qun
965 733 1014 792 nie
1033 732 1144 794 inetitin
1157 733 1265 794 existo
1280 732 1379 790 nuntio

288 837 356 880 enne
374 816 505 878 affectum
520 815 626 896 putat?
668 813 758 874 Cuius
776 825 807 874 tu
824 814 965 894 gutiam,
987 833 1094 894 quaeso
1108 827 1156 889 te,
1179 814 1309 876 Martine
1328 815 1378 886 mi,

289 902 365 964 omni
389 899 458 960 niihi
480 901 591 961 mtiene
610 917 778 962 eonsemaa
791 898 882 976 eique·
896 916 960 957 meo
977 901 1093 960 nomine
1112 891 1261 980 poitieeie,
1284 917 1331 958 me
1345 916 1403 957 en-

287 983 419 1066 φιίὰω,
440 1001 514 1063 quae
536 992 602 1046 nunt
619 982 728 1062 ingenii
750 991 780 1040 et
796 978 971 1040 eruditionis
989 992 1028 1041 et·
1042 985 1106 1044 eius
1120 984 1236 1062 generis
1253 979 1379 1053 laudum,
1473 979 1474 984 ’

288 1069 365 1131 noii'e
379 1069 410 1128 in
424 1085 470 1128 nie
489 1067 619 1146 recipere
625 1106 636 1140 ,-
650 1077 807 1144 nequeen
825 1077 931 1124 ennena
948 1066 1057 1124 tenerir
1072 1077 1161 1128 auerte
1177 1063 1289 1146 quidem
1307 1083 1381 1144 quae

289 1151 326 1212 de
344 1170 409 1212 meo
426 1169 498 1229 erga
516 1149 685 1209 endroiiunm
701 1147 873 1227 reiigionem
885 1149 990 1220 animo,
1007 1146 1044 1208 de
1059 1149 1153 1210 studio
1165 1149 1238 1209 bene
1252 1145 1382 1228 merendi

288 1243 424 1316 mantum
448 1234 478 1292 in
511 1251 556 1294 me
574 1233 640 1294 urii
665 1230 703 1292 de
724 1230 876 1304 omnibus,
905 1231 1026 1310 aliisque
1040 1231 1189 1293 'ememodi
1210 1230 1383 1312 praedicam

289 1317 472 1397 dignabitur,
495 1335 530 1377 ea
550 1334 600 1376 me
618 1325 768 1396 perpetuo,
788 1333 849 1374 cum
865 1311 932 1374 Deo
949 1315 1118 1394 volontati)
1138 1317 1382 1394 numniiteprae-

290 1403 433 1462 numium.
476 1399 622 1460 Puteanus
643 1400 700 1458 iam
719 1395 827 1478 pridem
836 1394 976 1477 desiitad
996 1416 1041 1457 me
1055 1399 1201 1460 seribereu
1224 1397 1299 1479 quod
1311 1417 1380 1476 ego,

221 1493 270 1542 utu
291 1483 356 1546 dum
370 1503 416 1544 mo
429 1502 529 1543 amare
548 1493 661 1562 pergat,
683 1499 774 1559 aequo
788 1481 882 1540 animo
894 1481 998 1542 ieram.
1042 1481 1125 1542 Num
1141 1483 1265 1543 animab
1279 1483 1382 1542 amieis

287 1569 348 1628 nisi
369 1565 515 1628 commodo
535 1566 664 1644 ipsorum
685 1565 809 1644 postulo.
861 1563 944 1623 iilum
964 1564 1113 1626 Musarum
1134 1566 1267 1638 enorum,
1297 1583 1383 1644 quem
1474 1587 1475 1592 ¹

288 1651 396 1711 litteris
409 1651 467 1709 tuis
480 1649 643 1728 conplexum
661 1666 711 1720 en,
735 1645 791 1710 τὸν
809 1645 1002 1730 μουσηγέτην
1016 1649 1176 1722 Auratum,
1198 1647 1382 1708 Roueardnm

289 1733 400 1816 pridem
413 1731 589 1804 Pindarum,
613 1735 703 1811 uper
721 1732 808 1792 etium
826 1731 982 1792 Homerum
998 1733 1156 1805 Gallicum,
1182 1733 1382 1793 suavissimum

289 1815 361 1878 mihi
377 1803 579 1876 {unicissimum
601 1815 719 1875 fratrem
744 1834 853 1888 meum,
883 1825 913 1876 et
936 1817 991 1896 inm
1010 1817 1052 1876 ilii
1080 1813 1209 1876 Homero
1230 1833 1383 1897 supparem

230 1935 235 1942 ·
288 1898 466 1973 Hesiodum,
488 1897 632 1970 Rutilium,
654 1909 684 1957 et
707 1917 791 1970 eum,
815 1899 860 1959 eui
886 1917 941 1978 ego
963 1917 1046 1978 qnam
1068 1901 1201 1971 nomine,
1225 1901 1332 1960 utinam
1353 1912 1384 1962 et

185 1998 190 2007 ·
248 2009 250 2016 ’
289 1981 450 2044 eruditione
471 1991 529 2043 tam
549 1983 722 2064 propinquus
745 1999 856 2054 essem,
877 1979 1037 2056 Durnium,
1062 1995 1091 2043 et
1108 1983 1316 2062 elegantissimi
1330 1984 1383 2043 ho·

289 2067 393 2127 minem
412 2066 542 2144 ingenii,
564 2065 778 2139 passaranum,
802 2085 881 2126 meos
904 2077 1018 2127 veteres
1036 2068 1160 2139 amieos,
1186 2084 1303 2146 quorum
1325 2087 1382 2146 ego
1475 2059 1476 2076 ¹

245 2171 253 2178 “
289 2151 355 2229 ipsa
371 2148 570 2224 recordatione
587 2167 705 2208 reereor
724 2159 755 2211 et
774 2148 886 2209 affinior
906 2150 1013 2210 intimis
1034 2150 1166 2218 sensibus
1177 2148 1307 2233 :Quos
1325 2153 1383 2230 igi-

289 2245 337 2294 tur
351 2253 450 2296 omnes
466 2231 536 2296 mihi
552 2232 682 2293 uicissim
695 2232 803 2296 natum.
847 2232 934 2296 Vale.

354 2503 454 2593 κω.
506 2515 560 2591 Μ.
597 2512 948 2592 iuremus
988 2462 1308 2612 numurus

144 2639 173 2646 ‘'
254 2679 256 2684 ·
357 2653 1257 2769 .Atuxnuuuolusurummotuuuruu

788 2779 818 2834 S.
852 2781 890 2836 D.
1082 2773 1099 2806 ⁶

192 2975 201 2988 ,
285 2873 391 2976 Quoi
405 2907 441 2970 nd
456 2916 519 2972 tuns
534 2909 730 2970 amantissime
745 2908 867 2989 eeripms
881 2908 992 2969 litteren
1005 2909 1097 2970 serium
1112 2911 1282 2992 respondeo,
1303 2926 1385 2975 certo
1476 2953 1477 2956 =

191 3003 201 3008 ““
291 2994 354 3054 seio
370 3003 445 3053 tent
459 3013 511 3054 nur
528 2992 558 3052 id
577 2993 697 3065 faeiem,
722 3011 915 3071 eognosoere,
938 3003 968 3052 et
982 2992 1055 3072 quod
1071 2995 1193 3069 faciam,
1215 2997 1382 3074 ignoscere.

291 3076 365 3156 iliae
378 3095 447 3136 vero
459 3077 529 3135 mihi
546 3087 698 3156 pergratae
711 3073 818 3155 perque
834 3075 974 3134 ineundae
989 3077 1119 3151 fuerunt,
1145 3090 1175 3139 et
1189 3079 1214 3138 si
1229 3079 1295 3158 quid
1313 3083 1385 3142 mihi

291 3157 408 3232 eredis,
430 3160 511 3220 visae
527 3170 592 3218 sunt
608 3159 729 3238 aliquam
746 3159 836 3218 morbi
848 3170 957 3241 partem
971 3149 1096 3220 levasse
1140 3159 1207 3242 Ego
1220 3164 1289 3236 ilie,
1312 3164 1387 3225 Aie-

155 3263 162 3274 ·
291 3240 418 3315 mandor,
440 3244 488 3323 qni
509 3239 648 3321 nunquam
665 3243 702 3324 ³¹¹,
718 3244 777 3302 vita
794 3260 830 3300 ne
850 3241 997 3301 levissimo
1013 3243 1124 3321 quidem
1143 3246 1242 3305 morbo
1256 3257 1385 3308 tentatus

292 3327 422 3398 fueram,
452 3335 527 3384 totos
548 3325 651 3404 uiginti
669 3322 731 3384 dies
754 3327 785 3384 in
805 3324 878 3384 lueto
900 3323 1037 3385 decubuit
1060 3345 1122 3386 eum
1145 3329 1256 3390 interea
1271 3331 1338 3394 eido
1356 3343 1388 3392 et

291 3410 467 3491 paucissimo
487 3419 517 3468 ot
538 3409 707 3472 tenuissimo
719 3419 814 3480 utens,
838 3427 919 3486 quem
935 3419 1030 3470 temet
1046 3410 1137 3488 ipsum
1148 3413 1198 3472 vix
1216 3433 1320 3492 capere
1335 3437 1387 3494 po·

159 3533 169 3546 ,
290 3503 401 3564 teram,
425 3491 500 3552 idem
514 3501 661 3572 potarem,
686 3489 759 3572 quod
779 3510 876 3552 uanos.
921 3491 1019 3571 ltaque
1034 3492 1135 3572 partim
1151 3495 1257 3570 inedia,
1280 3501 1387 3578 partim

293 3575 509 3656 purgationibus
529 3577 571 3635 ita
582 3573 737 3636 exhaustus
751 3593 824 3648 sum,
847 3586 879 3635 ut
895 3576 1017 3655 ipsemet
1031 3578 1129 3638 mirer.
1172 3578 1277 3658 Neque
1291 3584 1387 3644 minus

292 3659 404 3719 unimus
426 3659 586 3720 exinanitus
607 3669 669 3718 est:
694 3677 756 3718 enm
777 3658 831 3720 hoe
854 3669 914 3718 toto
935 3668 1064 3736 tempore
1082 3660 1154 3720 nihii
1170 3662 1287 3742 legere,
1314 3666 1387 3725 nihii

295 3742 442 3814 seribere,
473 3741 543 3802 nihil
567 3740 698 3802 meditari
718 3741 842 3802 tinuerit.
888 3741 986 3817 Quare
1006 3741 1057 3801 iiia
1077 3753 1145 3816 tua,
1168 3765 1240 3826 quae
1256 3747 1386 3809 ostendis

234 3897 245 3906 .
289 3835 324 3886 'te
344 3843 411 3888 esse
432 3826 601 3897 missurum,
625 3825 722 3898 mitte,
745 3840 853 3903 quaem
866 3835 913 3897 te,
933 3843 1017 3902 quum
1036 3827 1175 3906 priunum,
1198 3840 1230 3888 ut
1244 3830 1279 3890 ad
1296 3831 1388 3891 homi-

294 3927 359 3968 nem
378 3907 548 3967 famelicum.
593 3901 668 3981 Sed,
694 3909 786 3968 amine
807 3904 1014 3988 magumffi)
1036 3909 1095 3969 noli
1111 3909 1140 3969 id
1157 3911 1253 3973 faeere
1270 3934 1305 3975 oa
1321 3935 1386 3994 spe,

295 4009 351 4070 qua
370 3991 515 4070 significas
535 3992 598 4052 iore
612 4002 644 4049 ut
660 4011 678 4051 a
694 4011 738 4052 me
758 3993 882 4073 accipias
894 3984 1014 4073 χρύσεα
1028 3989 1095 4056 ἀντὶ
1109 3996 1268 4072 χαλκείων.
1310 3998 1388 4059 Nam

296 4085 327 4136 et
347 4085 397 4133 tua
412 4075 506 4134 omnia
527 4069 645 4156 χρύσεα
666 4075 751 4156 pinne
773 4086 854 4150 sunt,
875 4075 990 4138 etmihi
1013 4097 1051 4138 ne
1063 4071 1179 4158 χάλκεα
1194 4065 1305 4160 qiidam
1322 4095 1390 4144 sunt

319 4313 320 4318 Ἰ
352 4263 505 4319 *jctaum
521 4265 690 4320 mli-³⁸5·
706 4251 1155 4326 ei.ouemintieteuduvi‚1{anuium
1184 4271 1230 4317 l'u.
1269 4255 1272 4260 ¹

352 4334 1199 4397 inmutav.nunu.1⁰.§.ueuneoportuttmteeenuuuue.
1228 4344 1273 4392 ru.
1330 4342 1333 4348 '

353 4405 425 4462 nun)
440 4406 476 4456 et.
491 4409 545 4456 adn.
559 4419 614 4466 pen.
629 4410 658 4458 R.
671 4411 727 4458 388.
756 4413 801 4458 re.
1078 4433 1081 4438 ’
1327 4445 1330 4454 ,
