2960 5070
286 261 378 366 μοι·
548 235 745 337 'ffruvum
770 257 900 322 caum.
925 257 1068 328 cxxut.

271 478 277 491 .
351 463 354 472 ι
414 427 558 494 CXXIX.
601 425 661 488 ΑΙ)
690 425 828 490 {ANUM
856 427 1004 490 TlLIUM
1023 437 1281 490 rmunmcon.

376 595 379 606 .
454 525 575 612 Mullus
598 543 711 604 tenellis
733 543 796 622 quis
819 541 871 603 tibi
893 537 929 602 bb
951 543 1093 622 unguibus

453 631 543 692 Vitae
563 624 719 699 tenendus,
744 625 830 700 lane,
854 627 910 698 sit,
934 629 1050 709 accipe,

452 711 586 790 Benigne
607 729 688 789 quem
709 708 822 769 Natura
841 709 924 786 fiuxit

449 789 575 877 ¹Ingenio
597 813 714 873 puornm
736 794 862 874 sequaci.

409 885 432 940 tt
534 875 663 937 Primum
685 893 755 954 ergo
779 895 903 936 amorem
925 877 1049 936 numinis
1071 877 1172 938 intimo

453 961 546 1024 Serva
567 979 656 1039 usque
679 958 763 1020 lixum
784 969 920 1038 pectore,
943 971 973 1019 et
993 960 1071 1021 illius

346 1105 351 1112 ,
452 1042 501 1106 Ad
522 1043 602 1103 iussa
622 1052 652 1102 to
672 1060 828 1120 compone:
853 1042 929 1102 nulla
951 1051 997 1103 est

454 1130 526 1194 Sors
549 1127 679 1186 nocitura
698 1125 779 1184 deum
803 1125 919 1185 colenti.

536 1209 599 1270 Fac
620 1219 650 1269 et
670 1218 803 1288 parentes
826 1209 868 1268 sis
889 1209 953 1288 pius
976 1207 1007 1268 in
1030 1217 1114 1270 tuos:

391 1298 432 1358 10
451 1291 572 1353 Honore
593 1300 622 1351 et
643 1291 709 1350 illos
731 1291 887 1370 promerito
907 1290 1005 1350 colas:

452 1375 570 1456 Impune
592 1393 731 1454 nunquam
752 1374 860 1452 sprevit
879 1373 973 1447 ullus,

450 1457 482 1520 A
504 1457 606 1538 quibus
629 1467 709 1516 ortus
731 1467 810 1530 erat,
832 1467 979 1537 parentes.

536 1540 596 1602 Fas
617 1549 648 1600 et
668 1539 832 1618 magistris,
855 1541 914 1600 sint
936 1540 1005 1600 licet
1026 1543 1122 1621 asperi

447 1623 673 1703 Nonnunquam,
698 1623 834 1683 bonorem
854 1620 976 1683 reddere
997 1621 1133 1686 debitum.

386 1713 428 1770 lb
449 1709 483 1768 Si
504 1705 614 1787 quando
636 1717 665 1768 te
686 1705 855 1786 obiurgeut,
878 1703 909 1766 id
928 1707 1014 1779 illos,

450 1791 496 1852 Te
516 1785 591 1870 quod
612 1800 724 1861 emout,
748 1790 846 1850 facere
867 1788 1033 1850 arbitrator.

531 1873 607 1933 Nam
628 1871 749 1952 primula
771 1883 851 1933 aetas
873 1873 1031 1935 innumeris
1054 1875 1136 1956 rapit

448 1955 642 2017 Affectiouum
664 1955 826 2016 turbinibus
847 1955 938 2016 soleta
1041 1961 1044 1968 '

446 2039 573 2100 Frennri
594 2059 656 2099 eam
676 2057 764 2118 quare
785 2050 815 2102 et
835 2040 968 2118 magistri

385 2128 428 2188 20
446 2121 576 2184 Assiluo
597 2122 718 2203 imperio
739 2141 861 2183 necesse
881 2133 937 2182 est.

532 2206 585 2267 Nil
602 2216 691 2285 turpe
711 2206 789 2268 lactu
809 2205 907 2266 (licere
926 2205 972 2266 las
993 2215 1081 2285 putat

448 2289 533 2366 Quae
554 2288 673 2368 quisquc
694 2286 800 2367 goulet
819 2286 934 2362 dicere,
957 2289 1001 2350 eis
1017 2283 1133 2370 'voque

448 2369 584 2434 Gaudere
604 2371 750 2451 patrandis
773 2381 898 2452 putatur.

447 2454 587 2516 Indicium
608 2475 660 2516 sua
681 2457 783 2535 cuique
804 2455 903 2534 lingua
922 2464 978 2516 ost.

384 2544 426 2600 25
530 2537 622 2600 Disco
643 2548 673 2598 ct
692 2537 807 2598 sodales
829 2557 899 2617 qnos
921 2537 975 2596 tibi
997 2534 1103 2598 debean

446 2621 578 2682 Parare:
600 2641 666 2680 nam
689 2641 788 2682 omnes
810 2621 975 2681 consimiles
996 2621 1060 2682 iere

448 2703 584 2766 Evadere
604 2703 663 2764 illis
684 2704 863 2777 assolemns‚

415 2790 418 2799 '
447 2788 604 2864 Queiscum
624 2786 755 2867 agimus:
780 2807 872 2867 neque
892 2785 1039 2867 pestilenti

531 2871 565 2932 Si
588 2872 652 2950 quis
673 2871 838 2953 frequenter
857 2871 964 2931 vixerit
983 2871 1013 2929 iu
1033 2867 1136 2942 domo,

384 2960 426 3020 50
445 2953 511 3016 Nec
533 2955 559 3014 si
580 2955 611 3016 in
631 2955 769 3016 malorum
791 2954 939 3027 coetibus,
963 2963 995 3014 ut
1015 2953 1072 3016 sibi

444 3036 589 3116 Gontagio
609 3038 650 3098 nil
673 3039 766 3110 obsit,
788 3055 909 3116 nuquam
1037 3111 1038 3118 ἵ

445 3122 522 3184 Arte
543 3140 646 3181 cavero
666 3121 774 3184 valebit
795 3121 863 3180 ulla.
1043 3169 1046 3176 .

527 3201 606 3264 Vide
627 3223 718 3281 orgo,
740 3213 773 3263 ut
792 3204 876 3276 illos,
898 3202 989 3275 leue,
1011 3203 1096 3282 pares
1116 3202 1191 3276 tibi,
1297 3279 1299 3284 Ι

367 3307 370 3316 ’
444 3286 536 3362 Queis
557 3305 625 3346 esse
645 3297 674 3346 te
696 3286 764 3347 olim
785 3286 963 3348 consimilem
983 3287 1087 3350 volens

384 3373 425 3432 bb
444 3370 487 3431 At
508 3367 691 3430 immodestos
713 3389 783 3450 quos
805 3368 935 3442 videbis,

444 3452 486 3514 lit
505 3471 575 3512 cane
596 3453 678 3532 peius
701 3464 730 3513 et
750 3471 843 3533 angue
865 3451 935 3513 vita.

525 3533 668 3596 Labor-om
691 3547 803 3609 amato,
828 3535 893 3596 ilum
916 3536 1027 3597 iuvenis
1050 3536 1152 3616 vigos,

441 3617 483 3680 Ut
501 3620 620 3692 otieris,
644 3639 708 3680 curu
730 3620 841 3680 senium
863 3630 991 3700 premet=

442 3699 566 3762 Laboris
589 3711 689 3764 osores
710 3721 764 3764 nec
783 3703 842 3764 nlla

347 3855 355 3872 .
380 3787 423 3846 to
442 3783 521 3844 Laus
544 3788 674 3864 sequitur
692 3805 786 3866 neque
806 3782 940 3866 splendor
959 3783 1046 3845 ullus.
1174 3823 1177 3828 -

526 3867 610 3930 Ilaec
632 3871 658 3929 si
680 3869 732 3928 sub
752 3869 809 3929 imo
830 3879 948 3948 pectore
968 3867 1108 3928 clauseris

348 3983 352 3996 ·
442 3947 619 4031 Praecepta,
641 3951 719 4025 Tib,
744 3971 811 4034 spes
831 3953 907 4012 bona
925 3971 978 4012 nos
999 3961 1095 4024 tenet,

443 4033 516 4094 Tuis
536 4034 599 4096 foro
619 4045 651 4096 ut
668 4035 822 4095 maioribus
842 4045 873 4094 to

441 4114 624 4180 Persimilem
644 4116 789 4179 videamus
810 4119 889 4178 olim.

275 4207 557 4227 m

331 4249 436 4299 cxxut
457 4260 496 4299 vc.
510 4249 550 4299 lb.
581 4247 859 4302 cessionarius.
888 4251 934 4295 ru.
967 4221 970 4240 ¹

679 4331 958 4394 ‘efflas
