2960 5070
479 286 716 375 eanm'cvr.
743 309 882 375 uersu.
918 405 920 408 Ι
1043 357 1044 360 ¹
1153 301 1240 392 ‘mt-

236 473 342 552 ,Faxo
364 497 436 556 ego,
457 485 489 536 nt
510 487 656 536 aeternum
680 477 734 557 per
754 499 799 540 me
820 499 893 541 nnnc
914 484 1009 545 vivat:
1036 507 1141 567 eroque

198 561 239 618 lll
342 559 388 633 titi
410 571 511 620 auctor
530 561 626 633 vitae,
651 564 697 621 coi
719 565 799 622 necis
821 577 887 624 aute
901 565 960 628 afui.

450 737 533 802 cvl.
574 737 649 799 DE
687 739 749 802 SE
788 740 933 806 1Pso.

256 859 409 954 Dicebam
429 889 594 970 Euterpae‚
619 893 728 971 coeptis
748 891 930 953 in‘vcrsibus
952 893 1094 976 haerens,

274 983 277 992 “
340 976 486 1036 Auxilium
508 974 592 1033 'fratri
615 977 747 1054 porrige,
774 974 857 1049 diva,
880 987 939 1037 tuo.

255 1059 398 1119 Fraterno
420 1069 495 1118 mota
518 1069 563 1128 est
583 1059 611 1116 in
634 1059 725 1130 risum
745 1061 859 1119 nomine
881 1062 984 1138 virgo,

338 1141 380 1202 Et
400 1141 490 1201 nitido
512 1139 613 1198 sudum'
631 1138 756 1200 reddidit
776 1163 827 1202 ore
849 1141 950 1222 diema'
1008 1213 1010 1220 Α
1030 1160 1035 1166 ’

141 1224 145 1233 “
191 1228 212 1283 ὅ
252 1225 334 1286 Tunc
354 1246 409 1305 ego
432 1221 582 1284 subridens
590 1220 601 1294 ,'
624 1225 723 1298 mirari
743 1225 860 1286 desine:
884 1248 948 1286 uam
970 1223 1009 1289 tui

337 1311 370 1370 si
392 1319 474 1389 pater
495 1317 541 1368 est
560 1304 688 1390 Caesar,
710 1319 741 1368 tu
762 1329 846 1370 soror
866 1329 933 1370 esse
952 1323 1046 1392 potes.

892 1407 894 1411 ⁴
946 1399 956 1422 Χ

269 1490 368 1556 uvu.
413 1488 460 1551 m
481 1445 751 1554 rependeres
772 1487 1073 1554 murnanonns.

248 1611 324 1702 Hei
346 1639 436 1714 mibi,
460 1657 542 1718 quam
565 1659 612 1699 res
633 1639 727 1699 invisa
749 1650 805 1712 est,
830 1641 913 1700 nimis
936 1659 1003 1700 esse
1022 1645 1153 1723 politam!
1176 1680 1177 1684 =

335 1724 478 1798 Quantum
499 1721 559 1782 odii
581 1722 694 1782 morbus
716 1724 827 1802 colligit
848 1723 897 1782 illc
919 1725 999 1784 suis!

248 1809 300 1869 Nil
321 1817 427 1886 genere
448 1805 503 1866 boe
525 1805 667 1865 homiuum
689 1817 736 1866 cst
755 1825 872 1886 usquam
894 1807 1099 1887 importunius:
1123 1807 1188 1870 illos

240 1901 243 1909 '
332 1890 374 1948 Et
394 1909 482 1962 cane,
507 1891 559 1968 qui
578 1891 708 1968 sapiunt,
729 1891 811 1967 peius
834 1900 864 1948 et
884 1909 977 1967 angue
997 1901 1108 1953 cavent.

182 1983 204 2036 a
244 1975 311 2041 Nec
330 1973 410 2032 loeus
431 1983 478 2032 est
494 1966 553 2032 uee'
565 1983 686 2051 tempus,
701 1971 741 2030 ab'
752 1971 796 2032 bis
815 1970 974 2034 subducere
991 1986 1101 2052 quote,

333 2056 400 2116 Non
421 2056 447 2114 si
469 2056 547 2114 mille
567 2054 658 2114 modis
681 2054 874 2132 aggrediare,
898 2071 1003 2133 queas:

247 2140 280 2201 ln
303 2141 367 2200 lora
387 2149 428 2210 te,
451 2139 480 2196 in
501 2138 626 2198 thermas
649 2138 799 2198 et'haluea
822 2139 851 2196 iu
874 2139 936 2217 ipsa
957 2150 1128 2218 sequentur:
1155 2189 1158 2200 .

318 2219 442 2295 'Quodsi
463 2221 493 2279 in
513 2222 618 2299 templa
639 2219 757 2300 gradum
779 2221 858 2280 serre
877 2222 1004 2300 parabis,
1026 2235 1057 2284 et
1076 2224 1142 2290 buc.

246 2306 278 2366 Si
297 2316 380 2364 uotos
402 2303 478 2364 forte
497 2314 632 2382 aegrotos
655 2305 779 2376 invisio,
803 2316 831 2364 et
851 2305 938 2364 illuc:

183 2393 225 2448 tu
329 2387 492 2466 Spectatum
512 2386 594 2446 ludos
615 2385 736 2447 forsitan
757 2387 837 2446 ibis?
860 2398 889 2446 et
911 2387 977 2447 huc.

244 2470 350 2548 Pergis
374 2489 426 2542 eo,
449 2470 555 2550 upllum
578 2454 632 2548 (suo
654 2467 759 2530 ducere
781 2469 918 2550 quaeris?
940 2481 970 2532 et
991 2470 1078 2530 illuc:

328 2553 433 2632 Pergis
455 2574 502 2625 eo,
525 2555 656 2614 comitem
678 2574 733 2633 quo
755 2554 808 2613 tibi
828 2551 948 2634 poscis?
970 2563 999 2612 et
1019 2554 1086 2614 bue.

241 2634 393 2716 Denique,
418 2648 448 2696 ut
468 2655 608 2698 exoneres
630 2637 742 2710 alvum,
765 2635 916 2698 discedis?
939 2637 1076 2712 etilluc:

326 2719 368 2780 Ut
389 2740 516 2778 somnum
537 2721 652 2799 capias,
677 2722 771 2780 tessus
793 2718 964 2783 abibis‘l'ot
983 2719 1049 2779 huc.

180 2808 220 2862 tt
241 2804 358 2866 Interea
381 2803 499 2864 insulsis
522 2803 681 2862 onerabunt
701 2804 833 2864 versibus
853 2822 960 2874 aures,

326 2883 455 2944 Auribus
476 2895 508 2943 ut
529 2896 558 2946 te
580 2897 647 2945 tune
667 2887 730 2965 ipse
750 2905 850 2946 carere
872 2887 962 2949 vetis:

242 2968 386 3031 Versibus
410 2968 547 3040 insulsis,
572 2970 652 3048 queis
675 2971 769 3028 cautio
789 2969 898 3048 gratior
920 2968 969 3026 illa
990 2976 1053 3040 est,

327 3052 419 3127 Quam
441 3053 567 3130 geminat
587 3051 663 3131 putri
687 3051 801 3113 condita
822 3071 892 3112 rana
912 3052 986 3111 lacu.

240 3133 288 3194 Ex
309 3139 421 3214 genere*
437 3135 490 3194 boc
512 3136 645 3194 miserum
668 3153 758 3214 nuper
778 3155 823 3194 me
842 3133 996 3214 prenderat
1014 3145 1106 3197 ursus:¹

178 3222 221 3276 20
325 3218 367 3300 (0
387 3219 435 3277 lun
457 3218 560 3278 infelix
582 3237 663 3297 quam
686 3219 742 3278 fuit
761 3219 812 3277 illa
834 3213 937 3299 mihil)
988 3225 991 3232 “

240 3300 351 3360 Fessus
373 3321 440 3380 ego,
465 3303 592 3362 insuavis
614 3301 684 3360 milri
706 3303 761 3361 iam
782 3311 813 3359 ut
834 3300 894 3360 vita
915 3311 1005 3372 esset,
1027 3295 1102 3380 apntl
1120 3317 1182 3380 me.

324 3383 490 3444 Fundebam
513 3383 600 3444 sur'do
620 3385 776 3457 talia-vota
797 3384 878 3443 lovi:

240 3467 355 3527 Summe
378 3466 478 3539 deum,
501 3479 528 3528 tc
551 3469 576 3527 si
597 3487 653 3547 qua
673 3469 729 3527 mei
750 3465 898 3528 miseratio
918 3463 1031 3542 tangit,

201 3578 203 3586 ¹
324 3550 413 3633 (Nam
435 3569 490 3630 qna
510 3552 564 3611 sim
585 3551 696 3632 positus
720 3549 901 3620 conditione,
924 3545 1021 3627 vides)

178 3635 219 3690 aa
241 3631 302 3694 Aut
322 3634 407 3712 abige
423 3633 498 3693 hunc
513 3631 637 3706 taudem,
656 3645 705 3699 aut
720 3635 789 3701 mihi
805 3631 841 3698 da
856 3629 1037 3703 surdescere,
1052 3630 1100 3689 vel·
1112 3629 1169 3692 iam

321 3717 501 3778 Alterutrum
521 3729 661 3790 nostrum,
683 3718 729 3778 vel
751 3735 822 3776 neco
844 3727 992 3792 utromque
1015 3714 1121 3776 simul:

238 3801 369 3874 Venerat
389 3799 425 3861 ad
445 3801 553 3881 primae
575 3800 707 3868 damnata
727 3799 894 3880 crepuscula
915 3799 1005 3868 lucis:

323 3884 384 3946 Vix
403 3883 475 3944 altiit
494 3895 576 3946 vates
597 3885 658 3945 sole
678 3882 796 3945 cadente
808 3895 910 3972 'meust

412 4047 525 4112 cunt
576 4051 603 4113 P
641 4048 675 4111 'A
716 4050 746 4114 u
788 4009 819 4111 ι’
857 4049 906 4147 o,
1004 4123 1007 4126 ,

236 4145 311 4237 Das
336 4180 404 4240 mihi
421 4181 566 4257 lactucas,
588 4196 701 4250 eentum
722 4181 774 4244 scd
794 4193 891 4244 mutua
910 4180 1026 4260 poscisa

321 4260 449 4325 Desine:
474 4264 616 4328 lactucas.
640 4267 749 4358 Paule,
772 4265 889 4329 rainonis
913 4283 991 4326 emo.

114 4365 371 4384 Μ

170 4405 242 4453 cvu.
255 4419 296 4458 us.
312 4413 335 4458 1.
364 4383 449 4468 eadm.
468 4415 564 4464 Rtuuk.
579 4415 643 4463 malo
657 4413 790 4490 scripserat
804 4413 926 4471 cauam.
951 4413 996 4458 un.
1020 4402 1022 4408 '
