2978 5068
515 275 673 412 fuursu.
699 321 812 386 xcrv.
1169 317 1245 396 ιιι
1285 274 1288 284 ’

135 493 189 554 Sin
210 501 260 563 te,
282 487 356 570 quad
372 489 434 550 iore
449 509 591 568 auguror,
617 491 732 568 gravius
746 489 860 570 aliquod
874 491 1009 565 studium,
1031 473 1234 574 prdgredieate

11 641 14 656 q
134 585 246 646 aetate,
269 575 305 634 ah
326 575 681 652 amoenitate¹poiimatun1
705 572 856 634 abduxerit
867 597 880 634 :-
898 587 993 636 tamen
1014 588 1060 649 te,
1085 580 1124 637 mi
1141 579 1233 645 Rosci
1327 590 1332 598 ‘

89 666 96 679 '
135 659 241 739 optime
266 669 296 717 et
319 657 509 728 suavissime,
533 657 649 728 hortor,
673 677 708 717 ne
726 657 829 736 Musas
852 667 974 738 unquam
995 662 1082 739 plane·
1101 661 1231 736 deseras,

134 761 208 802 neve
227 761 349 820 unquam
373 741 459 800 itate
478 738 594 800 addicas
613 741 742 818 cuiquam
760 741 873 800 illarum
890 744 1064 816 severioris,
1089 756 1120 804 nt
1132 746 1174 806 ita
1190 744 1233 804 di-

134 821 215 896 cam,
237 823 384 904 supercilii
406 825 527 899 artium,
548 827 588 882 ‘ut
611 844 667 882 non
686 824 739 882 tihi
763 823 919 900 identidem
940 826 1145 889 ex'Musarnm
1167 849 1257 902 cam.

134 909 212 968 tibus
231 909 262 968 -si
285 907 357 968 nihil
378 906 472 980 aliud,
492 904 642 986 petendam
665 909 926 986 certe⁴graviorurn
943 911 1148 988 cogitationum
1165 911 1233 990 aliq-

134 993 278 1076 uationem
291 989 325 1069 s)
340 1001 442 1070 putes.
485 989 588 1070 Neque
603 1002 630 1050 te
647 989 701 1050 hoc
719 992 859 1052 facturum
875 997 941 1052 esse
956 993 1064 1056 diffido,

278 1099 291 1115 ”
350 1107 483 1170 Μοῦσαι
503 1103 562 1189 γὰρ
586 1100 680 1180 ὅσους
701 1103 769 1168 iiior
790 1091 905 1186 dippum
926 1110 1056 1186 παῖδας,

299 1187 387 1272 Ἄχρι
407 1189 480 1270 βίου
500 1190 629 1265 notione
650 1188 706 1254 οὐκ
726 1187 878 1256 ἀπέθεντο
902 1194 1021 1277 φίλους.
1031 1192 1089 1276 Μ’)
1154 1217 1157 1224 ’
1228 1211 1231 1224 “

136 1305 169 1370 Α·
188 1310 234 1369 me
254 1328 325 1370 vero
347 1319 379 1367 ut
398 1308 516 1388 posthae
538 1309 633 1370 omnia
656 1309 749 1370 officia
774 1322 941 1392 exspectes,
965 1311 1037 1392 quae
1059 1311 1095 1372 ah
1120 1309 1234 1378 homine
1299 1291 1304 1307 ι

135 1393 315 1463 ιιιιιίιίεείιιιι)Ι
333 1393 494 1472 exspectari
519 1389 711 1471 possunt,'te
728 1393 814 1460 etiam
838 1405 922 1473 atque
944 1396 1029 1454 etiam
1050 1415 1113 1454 oro.
1160 1387 1235 1465 Cum
1310 1411 1313 1416 ’

136 1479 213 1536 istnc
235 1476 366 1548 rediero,
391 1477 448 1536 erit
468 1475 540 1534 mihi
561 1477 773 1556 gratissimum,
797 1478 824 1535 si
848 1476 989 1537 interdum
1012 1477 1048 1537 ad
1073 1497 1134 1552 me,
1159 1473 1252 1556 quod'

136 1558 221 1620 modo
247 1561 390 1648 pepmissn
412 1579 509 1618 eorum
532 1559 582 1619 fiat
601 1558 673 1638 apud
697 1579 767 1638 quos
789 1558 938 1632 educaris,
967 1563 1109 1633 ventites,
1132 1579 1235 1641 meque

135 1663 171 1704 ac
188 1637 274 1706 ianm
292 1633 420 1702 omnihus
436 1642 508 1703 meis
531 1662 620 1722 aeque
634 1643 727 1702 iihere
743 1643 834 1702 utaris
851 1665 884 1702 ac
897 1639 977 1703 tuis}
1015 1645 1107 1723 Spero
1126 1655 1232 1715 eutem,

136 1725 370 1787 consuetudinem
394 1745 596 1806 sermonesque
620 1737 736 1786 nostros
760 1725 797 1786 ad
817 1727 900 1792 istam
921 1729 1012 1808 ipsam
1037 1727 1167 1799 laudem,
1197 1726 1235 1786 ad

136 1830 219 1890 quam
234 1809 377 1890 adspiras,
400 1809 625 1889 consequendam
640 1805 692 1868 tihi
706 1830 761 1868 non
776 1831 894 1889 prorsus
906 1813 1025 1871 inutiles
1039 1811 1112 1870 fore.
1142 1811 1230 1882 Vale,

136 1895 176 1954 nri
190 1893 293 1966 Rosci,
316 1878 424 1971 hibique
442 1893 593 1972 persuade,
612 1904 641 1952 te
657 1913 676 1951 a
690 1894 836 1973 mepiane
852 1897 881 1952 in
899 1895 962 1965 iiiii,
979 1905 1009 1954 et
1026 1893 1138 1974 quidem
1154 1891 1234 1972 ὀψι-

135 1973 247 2060 γόνου,
267 1978 330 2037 ioco
352 1978 453 2036 amari.
473 1977 529 2036 XI.
555 1977 622 2036 liat.
648 1976 751 2037 Sextil.
778 1975 941 2038 MDLXX.
987 1977 1138 2050 LitteraS,
1163 1999 1234 2078 qups

130 2061 271 2122 conniis
296 2058 529 2144 accipies,***)
551 2071 619 2141 peto
642 2071 674 2120 ut
697 2059 839 2133 Ciofano,
870 2077 933 2122 eum
959 2063 1082 2142 primum
1110 2072 1233 2142 poteris,
1323 2108 1324 2111 ,

137 2143 299 2230 reddendas
321 2163 416 2204 cures
779 2171 781 2179 Α
995 2175 999 2180 ’

239 2361 252 2371 ‘
353 2343 491 2453 'XCIV
545 2339 731 2404 EIDEM
765 2337 992 2421 ROSCIO.

138 2470 178 2557 In
201 2497 256 2558 hac
269 2497 489 2557 commutatione
505 2495 619 2554 consilii
633 2492 670 2553 de
690 2493 863 2555 instituenda
879 2497 991 2556 ratione
1008 2493 1165 2554 studiorum
1180 2497 1234 2566 tui,

138 2583 211 2642 nihii
239 2601 284 2640 me
310 2581 401 2658 magis
422 2580 574 2638 sollicitum
595 2577 697 2651 hahet,
727 2597 809 2656 qnam
833 2577 907 2658 'qnod
928 2580 1047 2651 nescio,
1064 2587 1148 2658 *quos
1169 2597 1235 2658 pro-

139 2685 259 2746 gressus
282 2666 312 2723 in
329 2665 450 2723 Graecis
466 2663 571 2722 titteris
587 2663 704 2720 feceris.
720 2699 723 2706 .
749 2663 877 2736 Quarum
898 2664 961 2722 sine
978 2662 1116 2722 mediocri
1133 2661 1235 2721 saltem

140 2751 306 2828 cognitione
327 2767 397 2806 cave
421 2757 502 2826 putes
527 2743 563 2804 ad
584 2745 669 2803 ullam
692 2743 838 2805 doetrinae
855 2748 1059 2826 praestantiam
1076 2745 1232 2825 perveniri.

141 2832 195 2893 Eis
216 2833 242 2892 si
261 2833 303 2890 ita
318 2828 441 2890 imhutins
463 2848 513 2901 es,
537 2839 568 2886 ut
581 2829 676 2908 possis
693 2829 879 2888 Aristotelem
895 2841 993 2910 suapte
1008 2832 1104 2909 lingua
1119 2830 1235 2906 loquen-

140 2929 198 2978 tem
215 2915 397 2992 intelligere,
421 2914 538 2990 eiusque
555 2913 639 2970 etiam
655 2912 828 2992 interpretes
844 2912 973 2972 Graecos
991 2913 1054 2972 sine
1070 2913 1235 2990 cuiusquam

141 2999 379 3078 interpretatione
400 2995 506 3055 Latina
526 2995 694 3067 consulere,
717 3016 772 3054 non
795 2997 900 3056 invitus
923 2999 1016 3076 patiar
1035 3008 1063 3056 te
1083 2994 1119 3073 ad
1142 2993 1237 3054 studia
1320 2987 1325 2994 ’

141 3081 338 3164 philosophiae
358 3079 477 3159 gradum
497 3081 613 3150 iacere,
637 3081 710 3151 etsi,
733 3089 772 3137 nt
787 3097 884 3138 verum
901 3080 1009 3152 fatear,
1032 3077 1235 3148 Demostheni,
1266 3078 1278 3146 ,’

141 3163 324 3247 Thucydidi,
345 3163 513 3234 Herodoto,
535 3161 719 3240 Xenophonti
743 3173 775 3222 et¹
788 3162 871 3232 huius
894 3165 1010 3242 generis
1033 3162 1234 3242 scriptoribus,

141 3261 347 3332 praetereaque
364 3247 455 3327 poetis
473 3246 594 3305 Graecis
612 3265 714 3305 annum
729 3244 867 3327 adhuc†)
882 3267 966 3306 unum
981 3247 1043 3306 dari
1059 3247 1234 3304 maluissem.
1286 3291 1289 3296 .

141 3335 219 3396 Volo
243 3331 389 3410 equidem,
412 3327 543 3410 quicquid
563 3349 651 3406 ages,
673 3349 811 3409 prospere
829 3331 881 3388 tihi
903 3351 936 3390 ae
958 3331 1085 3390 feliciter
1100 3329 1243 3400 evenire,

143 3416 195 3478 sed
217 3428 387 3474 tamennon
411 3414 600 3484 committam,
622 3423 669 3487 ut,
691 3414 716 3472 si
740 3410 917 3496 ahsqu·e††)
939 3415 989 3473 ilio
1003 3416 1192 3472 instrumento
1208 3421 1238 3470 te

143 3500 178 3561 ad
199 3497 406 3580 philosophiam
428 3497 602 3572 contuleris,
628 3495 725 3556 dicere
743 3489 870 3575 unquam.
886 3500 1001 3577 possis,
1021 3496 1168 3556 Moratum
1184 3491 1237 3556 tihi
1257 3506 1307 3554 53⁰
1372 3507 1385 3581 j

144 3586 205 3644 eius
223 3583 337 3642 consilii
361 3591 505 3640 auctorem
530 3580 632 3639 fuisse.
677 3581 778 3658 Neque
796 3580 867 3639 hae'c
887 3601 903 3640 a
924 3601 969 3641 me
988 3583 1029 3646 ita
1046 3579 1236 3660 disputantur,

144 3669 225 3747 quasi
242 3665 295 3724 tihi
317 3666 346 3723 in
368 3665 405 3723 iis
428 3665 552 3736 litteris,
576 3657 649 3742 quae
667 3663 944 3747 humaniores†††)
960 3663 1111 3736 dicuntur,
1136 3662 1238 3740 conse·

143 3748 314 3812 uescendum
341 3748 484 3808 arbitror:
514 3749 599 3826 longe
625 3763 739 3827 semper
757 3747 793 3808 ab
819 3767 855 3808 ea
877 3749 1020 3808 sententia
1045 3767 1125 3808 meus
1145 3745 1238 3806 ahfuit

138 3869 432 3891 *muta-

199 3951 233 4006 ta]
248 3949 284 3996 ct.
300 3949 355 3994 adn.
371 3957 426 4002 pag.
441 3948 470 3992 R.
486 3945 541 3994 tot,
569 3949 615 3993 Fa.
643 4011 645 4016 Ι
669 3997 678 4019 ·

199 4023 253 4080 aa]
269 4021 501 4084 commaculenigr.
516 4021 567 4066 XX.
582 4021 606 4066 6.
621 4031 659 4076 sq.
687 4023 733 4069 Fa.
857 4031 879 4083 ρ

154 4098 160 4111 ·
201 4096 273 4160 ape]
288 4099 338 4142 Eas
352 4095 429 4164 hpbes
443 4103 596 4153 supremum.
611 4090 651 4152 91,
680 4095 793 4140 uanum.
880 4102 889 4120 ⁸

142 4201 145 4208 ,
202 4168 236 4230 †)
257 4173 312 4215 Non
332 4169 392 4214 satis
413 4169 528 4222 protatur
549 4178 579 4212 ea
598 4167 740 4220 significatio
761 4164 834 4214 huius
848 4165 977 4226 vocabuli,
999 4174 1049 4222 qua
1062 4166 1086 4210 h.
1101 4163 1118 4209 l.
1133 4159 1240 4220 nonme

145 4227 199 4274 vtd.
214 4227 292 4273 fland.
308 4225 437 4272 Tursettin.
453 4227 471 4268 1.
487 4233 541 4278 pag.
559 4224 612 4271 16³.
626 4235 664 4279 oq.
693 4227 739 4270 ltu.

201 4299 258 4360 tt]
274 4299 310 4346 ct
326 4300 380 4344 odo.
395 4307 451 4353 naa.
466 4299 496 4343 n.
510 4297 569 4362 aaa
596 4299 641 4342 un.
952 4318 954 4320 ,

200 4371 279 4435 itt]
295 4372 330 4418 vt·
346 4373 401 4416 ann.
415 4382 470 4426 aaa.
485 4372 515 4415 a.
526 4369 563 4416 ιι.
576 4373 600 4416 et
611 4371 649 4415 os.
664 4373 760 4428 zonat.
775 4370 801 4418 n
814 4371 877 4418 noro
891 4367 1036 4416 ututssrno:
1052 4365 1176 4424 mammen
1187 4340 1241 4410 nm

147 4431 305 4478 damaetam
319 4433 364 4476 etc.
379 4437 434 4486 pag.
449 4430 505 4488 ΜΒ,
515 4427 544 4472 d.
560 4428 597 4474 eit.
612 4427 636 4474 4.
665 4431 711 4475 ra.
