2978 5068
533 343 664 408 EPlST.
687 345 802 412 axvi.
1156 356 1220 422 ld!

126 505 284 570 scribendi.
328 505 404 570 Mitt
418 507 474 570 boo
487 505 588 592 eredas
605 508 701 586 veiim,
724 533 770 576 me
785 513 870 579 bodie
883 535 937 578 nou
950 507 1094 580 difficilius
1108 519 1145 580 ad
1159 521 1217 584 sai·

124 589 241 653 tandum
260 611 343 672 wem
362 591 398 652 ad
419 592 566 654 iaciendos
587 613 688 660 uersus
704 595 806 659 adduci
821 619 917 680 posse.
963 603 996 663 Si
1014 591 1080 682 quid
1095 605 1151 664 erit
1169 614 1215 664 so·-

124 675 217 747 rium,
243 677 344 756 inquo
362 695 453 738 meam
470 695 584 758 operam
601 676 766 755 dosideres,
784 681 966 757 'noo'deeroa
989 685 1018 744 in
1037 685 1082 746 bis
1098 687 1223 747 leviori·

122 757 196 830 bus,
221 759 248 818 si
265 758 375 838 quaudo
392 759 429 820 de
442 780 488 821 me
508 761 669 840 cogitabis,
684 773 758 844 ¹peto
773 785 792 824 a
810 775 850 838 te,
872 765 942 826 iilud
961 787 1071 848 quoquo
1088 770 1211 850 cogites,

86 851 89 858 .
121 843 442 1008 ,qoqbquultoppniorom
457 845 525 905 caso
540 851 605 920 mo,
626 862 709 926 qaam
726 859 791 909 erat
805 849 957 923 Horatius,
979 869 1042 911 curu
1058 853 1109 912 iila
1121 852 1158 914 da
1178 874 1213 914 sc

120 943 180 986 tert
219 937 283 990 rats
350 939 353 948 “
456 983 458 990 ,
617 971 621 982 »
676 967 678 973 f
1121 951 1137 985 t

268 1045 354 1107 Naue
373 1045 471 1124 r'toquc
489 1054 520 1105 et
537 1061 637 1105 ocreas
654 1055 686 1106 ct
704 1039 801 1108 cetero
818 1039 942 1130 'ludera'
951 1057 1040 1148 pono.

118 1155 748 1229 vaanosasnnasunuxv111.
787 1147 790 1154 '
906 1191 909 1196 ι

184 1461 300 1531 nxm.
342 1403 778 1554 maurontus
822 1455 1142 1540 uuuurus

343 1593 989 1709 rtuuo'sncuuros'uo

580 1745 611 1804 S.
644 1747 677 1802 Ρ.
710 1747 749 1804 D.

117 1844 262 1935 Tandem
276 1874 313 1938 ad
331 1887 360 1938 te
374 1879 487 1940 remitto
500 1881 636 1962 epistolas
652 1893 734 1944 tuasc
745 1879 801 1965 it³³)
817 1901 909 1962 nequo
923 1879 999 1942 euim
1011 1899 1065 1962 per
1077 1878 1209 1940 assiduas

116 1963 319 2040 occupationes
337 1973 365 2022 et
379 1982 432 2041 per
447 1965 677 2026 molestissimum
693 1968 838 2028 oculorum
852 1965 990 2038 dolorem,
1008 1984 1063 2044 quo
1080 1962 1141 2022 dies
1156 1963 1210 2021 aii-

115 2053 185 2124 qaot
198 2044 343 2117 laboravi,
367 2046 452 2105 citius
468 2047 559 2108 licuit.
603 2041 668 2110 Idae
684 2052 710 2110 si
723 2059 953 2130 conquerentur,
976 2067 1010 2108 se
1024 2068 1041 2106 a
1053 2067 1098 2106 me
1114 2046 1208 2126 pauiio

115 2128 249 2187 severius
273 2139 404 2208 acceptas
431 2149 514 2189 esse:
538 2131 685 2194 recordari
707 2133 844 2203 debebis,
866 2132 921 2191 boc
942 2123 1034 2209 ips'um
1054 2151 1073 2188 a
1094 2140 1123 2188 te
1139 2129 1208 2196 mihi

114 2211 276 2272 mandatum
297 2229 363 2272 esse
370 2235 381 2285 3
403 2225 451 2284 ut,
475 2214 499 2272 si
527 2214 639 2276 mollius
666 2236 700 2276 ac
722 2216 814 2276 lenius
831 2233 881 2274 eas
899 2221 1025 2274 tractare
1040 2213 1206 2284 voluissem,

115 2293 271 2356 verendum
297 2294 365 2354 mibi
389 2292 570 2375 auerteret)
593 2318 629 2359 ne
655 2300 708 2359 tibi
735 2320 790 2359 nou
816 2298 887 2357 satis
903 2296 1064 2376 obsequens
1081 2293 1222 2370 viderer„

116 2377 176 2440 Sed
187 2377 224 2437 de
241 2377 286 2436 bis
301 2379 384 2439 satis.
427 2377 512 2440 Nunc
528 2400 664 2462 exponam
681 2382 733 2443 tibi
750 2388 837 2441 totum
853 2378 923 2440 ittud
936 2381 1079 2460 negotium
1091 2377 1209 2438 Poioni·

115 2481 200 2522 cuma
225 2460 336 2540 quando
353 2461 484 2535 litterae,
507 2484 576 2544 quas
594 2464 630 2524 ad
650 2475 679 2526 te
686 2508 698 2539 ,
719 2485 752 2525 re
767 2463 858 2525 adhuc
871 2463 1000 2537 receuti,
1023 2463 1207 2541 scripseram,

113 2547 274 2626 perierunt.
318 2543 501 2626 Stephanus,
527 2547 666 2609 Potoniae
680 2555 759 2620 'rex,
784 2548 831 2627 qui
851 2557 881 2606 et
899 2545 964 2608 aliis
982 2547 1073 2626 regiis
1098 2539 1209 2604 virtuti-

114 2627 169 2689 bus
192 2627 392 2710 ornatissimus
409 2627 471 2700 est,
494 2640 524 2689 et
539 2629 592 2691 boc
607 2651 693 2712 supra
709 2642 823 2693 eeteros
837 2649 935 2689 omues
951 2649 1055 2709 reges,
1079 2630 1125 2708 qai
1140 2627 1211 2688 muri·

114 2712 154 2772 tis
179 2709 292 2774 abhinc’
307 2710 430 2772 saeculis
450 2713 602 2786 vixerunt,
625 2715 758 2774 eximium
777 2711 882 2785 babet,
905 2711 978 2792 quod
995 2724 1023 2772 et
1037 2721 1113 2772 amat
1125 2712 1210 2770 unice

114 2795 246 2856 homines
263 2794 401 2867 eruditos,
426 2805 456 2856 et
472 2798 535 2876 ipso
552 2797 627 2856 omui
644 2799 782 2880 elegantis
799 2795 946 2857 doctrinae
968 2815 1073 2875 genere
1090 2795 1209 2854 mirifice

115 2876 246 2939 excultus
262 2887 325 2950 est3
348 2880 468 2940 miserat
479 2880 509 2937 in
525 2879 637 2940 ltaliam
652 2901 736 2944 uuum
753 2878 947 2940 edomesticis
961 2880 1021 2942 suis
1030 2919 1040 2950 ‚
1062 2879 1110 2958 qui
1128 2878 1210 2957 quasi

115 2959 257 3022 delectum
278 2959 415 3042 quendam
438 2962 555 3024 baberet
571 2966 774 3045 praestantium
790 2962 921 3022 doctrina
934 2963 1077 3033 virorum,
1102 2981 1208 3040 cosque

116 3045 220 3126 opimis
237 3043 385 3104 admodum
398 3047 552 3127 propositis
569 3045 796 3119 conditionibus,
819 3047 848 3104 in
862 3043 1009 3104 Poioniam
1024 3045 1160 3104 invitaret
1172 3041 1209 3109 ad

114 3127 303 3192 Academiam
324 3149 443 3201 novam,
472 3149 554 3210 quam
578 3152 631 3192 rex
651 3124 818 3192 Craeoviao'
833 3129 983 3188 instituere
1001 3127 1129 3212 parabat.
1174 3127 1209 3188 lu

9 3275 10 3284 ¹
116 3205 258 3272 mandatis
283 3223 376 3272 autem
397 3213 507 3291 regiis,
531 3214 606 3294 quod
623 3213 659 3274 ad
680 3210 884 3293 aiios‘quidc'ru
903 3214 1020 3285 attinet,
1050 3212 1126 3272 iacta
1145 3221 1209 3272 erat
1228 3219 1277 3269 tw

9 3333 10 3340 κ
115 3307 246 3378 potestas
259 3297 307 3367 ei,
326 3295 373 3376 qui
388 3294 442 3355 binc
455 3310 583 3372 venerat,
600 3299 734 3378 optimum
752 3315 889 3376 quemque
902 3305 931 3356 et
942 3298 970 3356 in
986 3293 1112 3358 docendo
1127 3314 1210 3354 exer·

115 3380 319 3440 citatissimum
338 3377 499 3458 deiigeudia
524 3379 559 3442 de
580 3382 671 3446 tribus
688 3379 851 3441 nominatim
869 3379 1057 3459 perscriptum
1071 3389 1150 3450 crat,
1174 3375 1211 3436 de
1249 3365 1251 3370 ⁵

116 3482 177 3534 me,
198 3462 234 3524 de
248 3461 354 3522 Carrio
368 3463 488 3541 Sigonio
502 3464 578 3524 etde
594 3465 697 3528 Fulvio
713 3465 831 3526 Ursino.
876 3462 922 3522 Ao
939 3461 1007 3524 mibi
1022 3461 1214 3542 meroespross'
1267 3533 1271 3548 l
1370 3547 1374 3556 Ι

117 3548 214 3631 posita
235 3545 312 3606 millo
326 3547 473 3625 quingenti
493 3550 642 3626 quotannis
660 3549 739 3610 aurei
755 3545 843 3610 numi.
886 3543 1022 3608 Addebat
1039 3565 1102 3618 rex,
1126 3545 1152 3606 si
1163 3565 1210 3606 sa-

118 3631 179 3689 eris
196 3630 306 3688 initiari
328 3628 448 3702 vellem,
472 3629 607 3711 (nondum
621 3634 696 3692 enim
714 3632 835 3704 sciebat,
856 3641 905 3689 me
923 3625 1099 3692 sacerdotum
1115 3627 1209 3709 ossa)
1255 3671 1262 3680 .

116 3713 312 3856 perfecturum
332 3732 375 3786 so,
385 3732 457 3792 -quo-
467 3715 640 3794 mibimagis
649 3715 757 3778 'liberet
770 3731 886 3777 manera
897 3713 927 3772 in
942 3711 1075 3784 Paionia,
1090 3723 1122 3774 at
1132 3713 1209 3771 iutra

138 3816 207 3856 reve
221 3807 332 3875 tempus
347 3795 468 3856 bonesto'
480 3799 574 3878 atiquo
588 3797 762 3870 sacerdotio,
777 3814 813 3856 ox
827 3815 881 3876 quo
895 3815 952 3856 nou
965 3795 1057 3856 miuus
1071 3797 1209 3876 quingen·-
1285 3811 1294 3826 ‘

118 3892 164 3940 tos
182 3899 292 3940 annuos
307 3899 411 3939 aureos
429 3897 528 3944 numos
544 3901 692 3962 caperem,
713 3881 927 3944 cohonestarar.
971 3878 1019 3943 Ea
1034 3877 1070 3940 do
1085 3899 1119 3938 rc
1136 3897 1208 3936 uuus

119 3982 137 4022 e
165 3961 337 4042 primoribus
362 3962 439 4024 iliius
462 3967 565 4048 regui,
587 3966 709 4032 loannes
727 3964 908 4038 Zamoscius,
930 3963 978 4048 qut
997 3983 1071 4028 nunc
1091 3980 1209 4040 magnus

178 4154 213 4210 *J
226 4153 338 4210 Epiust
355 4156 377 4202 ί.
394 4155 432 4202 dd.
460 4157 506 4202 rs.

178 4225 230 4283 w)
249 4229 301 4274 nas
321 4227 447 4283 aptstotas'
460 4238 523 4274 anno
544 4231 660 4284 sequente
680 4225 755 4276 auoit
769 4232 898 4283 sacratus,
922 4225 1062 4281 amuroto,
1078 4225 1106 4269 ut
1121 4228 1154 4268 ex
1168 4223 1216 4268 trac

119 4283 282 4388 Qnffifiu
295 4285 400 4362 epistola
412 4285 527 4342 ootltgoro
541 4287 605 4348 ucat,
619 4289 746 4334 oorreetas.
769 4287 806 4336 ct.
820 4288 948 4336 Ruhnken.
964 4280 1066 4342 prestet.
1082 4289 1136 4352 ραις
1151 4279 1215 4329 xvi.

178 4405 252 4464 “bb
270 4405 383 4465 neotus,
403 4409 473 4462 ituit,
494 4409 646 4461 scribendum
664 4415 703 4462 est
720 4409 812 4468 fabra.
840 4409 935 4460 Kaous.
954 4430 982 4444 -
1010 4392 1066 4454 Nou'
1085 4405 1217 4452 adsentior.

122 4463 178 4510 vid.
193 4464 249 4511 adm
264 4474 318 4522 pag.
333 4467 363 4511 u.
378 4467 433 4511 ³³3.
448 4469 474 4510 ot
489 4467 525 4514 tt.
554 4471 599 4518 arr.
790 4471 792 4476 ·
998 4472 1002 4480 ·

1386 413 1396 442 't
