2934 5070
288 283 354 354 soa
478 287 481 296 ·
701 285 956 372 .auuunu1uu

292 455 364 516 nibil
382 450 524 533 indigeas.
569 431 718 514 uu‘mnto
741 451 814 513 babe
832 455 954 514 animum
977 454 1091 528 bonum,
1114 475 1220 516 murem
1242 453 1315 534 ger'e
1338 477 1385 535 pa·

292 539 420 600 rentibus
442 539 520 610 tuis,
544 531 574 596 et
595 555 668 597 care
684 535 854 615 diligenter,
884 557 920 598 ue
939 537 1006 618 quid
1023 538 1176 610 admittas,
1195 560 1248 598 eur
1268 540 1311 598 illi
1334 541 1384 598 tibi

181 655 189 670 ·
292 623 396 684 merito
414 621 503 682 irasci
521 621 644 700 possint.
687 619 752 680 Hoc
775 621 854 679 situ
877 621 1055 700 praestabis,
1080 623 1137 680 noli
1154 621 1306 687 dubitaret
1330 643 1385 700 ego

292 706 345 766 tibi
363 705 514 784 praestabo
540 715 646 763 cetera.
679 703 752 782 Spes
773 713 819 762 est
836 723 889 763 nos
907 705 987 764 brevi
1006 705 1072 764 istic
1090 707 1163 764 fore.
1202 701 1383 766 Cous'ervato
1446 726 1447 737 ²

292 789 360 848 mibi
376 789 454 848 illam
472 787 621 868 pristinam
635 785 808 846 bilaritatem
822 795 909 860 tuam,
934 800 964 848 et
979 787 1115 848 alacriter
1132 789 1263 848 incumbe
1280 791 1310 848 iu
1325 800 1383 849 stu·

292 870 399 954 lust)
416 929 698 1036 Nilsmtdwdnm
723 953 832 1014 Teucro
854 952 926 1012 duce
945 961 977 1014 et
995 954 1110 1033 auspmt
1134 955 1253 1016 mm·
1265 951 1324 1035 Μ)

291 1069 378 1134 Vale.
398 1069 519 1133 Tibure.
535 1067 577 1132 V.
593 1065 638 1129 ld.
659 1066 905 1136 coemunxx.

792 1218 807 1280 l
824 1219 838 1278 1
853 1218 879 1278 l.

188 1419 190 1428 Ι
290 1319 432 1424 Litterae
452 1362 518 1414 tuae
541 1352 717 1431 posteriores
743 1369 871 1432 quaeque
893 1351 1037 1412 meliores.
1089 1351 1135 1414 De
1153 1355 1269 1416 ratione
1290 1365 1379 1414 autem

285 1435 448 1510 ,studiorum
463 1445 574 1497 tuorum
587 1436 673 1496 velim
687 1435 793 1515 aliquid
808 1435 844 1496 ad
857 1455 902 1495 me
918 1437 1047 1508 s‘cribas3
1070 1449 1200 1516 quantum
1216 1439 1299 1515 legas
1313 1457 1379 1516 quo·

290 1512 378 1591 tidie;
400 1539 465 1580 num
481 1517 548 1599 quid
563 1537 700 1599 excerpas
716 1539 752 1579 cx
768 1519 804 1578 iis
820 1519 1021 1598 scriptoribus,
1035 1540 1105 1598 qnos
1118 1521 1209 1599 legis;
1233 1541 1303 1580 num
1315 1519 1378 1598 quid

289 1603 427 1663 cLatinc
447 1621 577 1662 sermone
599 1603 628 1660 iu
649 1602 794 1680 vulgarem
814 1613 1058 1674 convertas,·aut
1073 1610 1189 1666 contra:
1212 1605 1377 1668 Terentium

289 1699 319 1747 et
344 1684 417 1768 Cyri
445 1684 573 1767 paediam
582 1683 660 1766 aaa)
684 1685 743 1746 noli
767 1686 971 1755 intermittere3
1001 1681 1138 1750 Caesaris
1158 1688 1376 1746 commentarios

289 1769 374 1830 velim
387 1769 472 1829 etiam
484 1769 582 1846 legere
595 1767 728 1848 incipias,
753 1787 790 1828 ue
804 1769 924 1848 pecnnia
940 1769 1035 1852 illa†)
1056 1771 1108 1830 tibi
1125 1762 1257 1849 perierit.
1303 1769 1378 1830 Cou-

206 1865 209 1871 ·
230 1881 236 1900 =
288 1851 360 1925 lide,
382 1851 420 1912 nii
439 1849 622 1922 Alexander,
638 1856 673 1912 'et
694 1850 924 1929 quemadmodum
939 1863 967 1912 te
981 1854 1048 1912 mihi
1062 1854 1201 1913 facturum
1216 1853 1374 1933 polliceris,

287 1935 386 2008 effice,
407 1946 439 1994 ut
455 1954 488 1996 re
506 1936 570 2013 ipsa
588 1933 723 2002 ostendas
740 1955 774 1994 ac
791 1937 965 2015 patefacias,
988 1948 1016 1996 te
1030 1939 1176 1996 incensum
1198 1943 1376 1996 esse‘amore

285 2020 456 2080 litterarum.
500 2016 605 2078 Ouinia
618 2018 670 2076 tibi
686 2016 793 2082 affatim
809 2028 969 2098 suppetent,
992 2021 1017 2078 si
1032 2019 1180 2106 diligentia
1196 2041 1251 2078 uon
1266 2019 1373 2086 deerit:

228 2102 229 2114 ¹
286 2103 315 2162 iu
338 2123 373 2162 ca
395 2113 461 2162 suut
477 2102 582 2160 omuia.
627 2101 765 2161 Isocratis
776 2099 839 2183 ᾖ)
861 2099 986 2180 iunioris
995 2101 1083 2184 ffi)
1107 2103 1210 2162 dictum
1234 2115 1301 2175 est,
1323 2103 1375 2165 dns

293 2177 307 2208 ἵ

308 2181 538 2268 ςφιλομαθὴς,
560 2181 614 2268 ἴσῃ
634 2183 832 2264 πολυμαθής.
880 2185 946 2244 Hoc
969 2197 997 2244 tu
1022 2187 1073 2244 tibi
1096 2189 1176 2264 quasi
1196 2207 1239 2248 ex
1260 2189 1375 2248 oraculo

221 2283 226 2304 ⁸
284 2209 389 2330 dictum
405 2281 482 2351 puta.
526 2268 613 2330 Vale.
631 2269 750 2330 Tibure.
770 2269 826 2330 lll.
844 2267 888 2329 ld.
908 2269 964 2331 lul.
981 2269 1144 2334 MDLXX.

797 2418 864 2482 lV.

172 2567 177 2582 ¹
245 2611 247 2620 Ι
284 2507 389 2602 Binas
410 2540 522 2602 litteras
542 2551 605 2603 tuas
624 2561 759 2602 unacum
783 2543 828 2602 bis
844 2545 981 2624 accipies,
1006 2545 1112 2604 alteras
1127 2543 1244 2616 Latino,
1266 2545 1373 2605 alteras

285 2641 320 2682 eo
336 2644 392 2704 quo
406 2626 492 2703 vulgo
507 2625 613 2686 utimur
626 2631 758 2686 sermone
773 2629 906 2708 scriptas.
940 2625 974 2691 lu
988 2627 1101 2688 Latinis
1116 2627 1185 2688 nibil
1199 2629 1284 2688 babui
1301 2628 1373 2707 quod

284 2707 483 2780 emendarem
505 2728 643 2787 quaeres
662 2708 730 2768 mibi
750 2729 876 2770 summac
891 2711 1026 2792 voluptati
1046 2713 1110 2770 fuit.
1155 2711 1253 2786 Quare
1268 2724 1297 2772 et
1311 2725 1371 2770 tuas

283 2800 314 2850 et
327 2810 404 2852 meas
418 2811 516 2852 omues
531 2791 630 2852 eodem
642 2793 672 2852 in
689 2793 762 2852 libro
777 2791 943 2853 describito.
988 2793 1056 2854 Erit
1070 2795 1121 2852 tibi
1138 2796 1205 2854 olim
1222 2795 1371 2854 iucundum

283 2874 468 2935 considerare
491 2895 665 2956 progressus
692 2887 767 2936 tuos.
819 2874 985 2936 Alexander
1006 2878 1063 2948 mi,
1093 2879 1155 2938 vale
1176 2879 1209 2938 'et
1230 2899 1320 2958 perge
1337 2898 1372 2937 ea

283 2976 338 3035 qua
360 2960 480 3039 coepisti
501 2960 649 3038 diligentia
671 2960 700 3018 iu
722 2958 824 3018 studiis
845 2961 975 3020 versari:
1021 2961 1090 3019 nibil
1112 2963 1209 3021 iacere
1230 2973 1279 3020 aut
1305 2962 1371 3020 mibi

199 3103 203 3110 ,
282 3041 432 3102 iucundius
453 3053 503 3102 aut
521 3043 572 3102 tibi
593 3038 690 3104 utilius
709 3053 803 3123 potes.
856 3043 977 3105 Tibure.
999 3042 1097 3104 idibus
1116 3043 1182 3116 lulii
1205 3043 1367 3108 MDLXX.

809 3183 850 3246 V.

282 3259 423 3354 Remitto
441 3291 476 3354 ad
498 3269 531 3355 te·
546 3316 644 3358 omues
665 3297 863 3380 propemodum
880 3299 1008 3372 litteras,
1033 3320 1133 3378 quasa
1150 3312 1180 3360 te
1196 3304 1306 3382 accepi,
1330 3301 1370 3363 le-

279 3376 386 3436 vitera
404 3397 449 3438 me
471 3379 645 3440 emendatas.
688 3381 782 3454 Vide,
807 3383 927 3442 obsecro
948 3395 995 3455 te,
1018 3395 1049 3442 ut
1072 3385 1188 3462 posthac
1209 3376 1239 3444 et
1255 3389 1369 3466 saepius

279 3468 309 3517 et
328 3457 494 3540 diligentius
515 3463 636 3525 scribas.
680 3465 742 3529 Vix
755 3467 831 3526 euim
850 3463 969 3538 credas,
993 3479 1114 3546 quantae
1134 3468 1204 3527 mibi
1221 3471 1369 3531 molestiae

335 3643 369 3700 b]
388 3646 425 3691 Ne
446 3656 510 3690 nunc
529 3646 625 3704 quidam
643 3626 744 3705 desunt,
764 3647 851 3702 qulbus
864 3646 942 3702 magis
956 3648 1051 3702 placeat
1066 3660 1119 3696 cuns
1134 3651 1293 3705 deterioribus
1307 3658 1368 3703 sert.

240 3717 241 3720 ¹
277 3700 386 3756 ptoribus
401 3703 481 3747 cicere
494 3703 686 3760 recommendas
699 3707 839 3763 mamam,
854 3715 928 3760 ouem
940 3706 1005 3760 quod
1019 3709 1128 3756 Muretus
1143 3713 1167 3755 et
1182 3711 1267 3768 optimi
1281 3716 1368 3771 quique

277 3762 374 3816 amant,
390 3758 585 3816 marosticam
598 3763 737 3807 mmuerc.
765 3765 811 3808 Fu.

312 3888 315 3897 Ἰ
335 3830 388 3888 tte)
402 3832 486 3878 Horat.
502 3833 582 3878 Caum.
595 3835 614 3879 1.
630 3833 654 3878 t.
667 3833 706 3880 87.
1047 3877 1050 3880 .

443 3905 484 3950 Mt
497 3905 668 3960 dapernudam
683 3909 775 3954 Teuma
789 3908 849 3954 dorca
862 3908 886 3952 et
898 3907 993 3962 mrsptcc
1007 3909 1106 3955 Teucro.
1135 3913 1180 3958 lta.

332 3973 403 4032 Μ)
414 3972 471 4022 Non
485 3981 525 4023 est
538 3980 605 4025 solua
619 3983 736 4036 Muretus,
752 3980 793 4034 qui
806 3979 881 4025 libros
896 3979 926 4024 de
935 3975 1086 4029 Institutione
1098 3983 1155 4038 Cyri
1171 3985 1244 4040 [cyri
1258 3987 1366 4045 discipli-

275 4039 339 4088 nam,
363 4033 421 4086 cyri
435 4035 512 4080 vitam
527 4039 552 4080 et
566 4036 792 4092 discplinamwmt
810 4037 918 4090 poenituro
932 4035 1027 4082 dlxeflt.
1063 4041 1191 4087 Nonnullis
1205 4043 1280 4091 etlam
1296 4048 1365 4106 opst·

177 4101 180 4114 ·
274 4091 359 4142 poento
373 4091 470 4144 placet:
485 4102 548 4148 quae
562 4093 651 4140 tectim
665 4095 748 4149 utique
765 4094 914 4150 Oyropoedto
928 4097 1085 4148 nuncupatur.
1113 4095 1157 4150 ltu.
1186 4151 1193 4160 ‚

332 4159 367 4220 †)
381 4163 471 4217 Aptius
493 4167 546 4210 erat
563 4167 622 4222 teto,
638 4167 759 4213 secundae
773 4175 893 4222 personae
907 4175 1047 4228 pronomen,
1060 4173 1087 4216 ut
1101 4164 1191 4218 vocant
1203 4175 1363 4224 dramatici.

243 4213 247 4220 ¹
274 4217 328 4263 vio.
343 4219 438 4274 zumnt.
453 4224 493 4267 er.
507 4222 561 4268 bat.
577 4223 602 4278 8.
617 4224 670 4270 12⁷.
701 4227 744 4270 us.

331 4293 387 4362 ἦ)
400 4299 503 4344 Peraea
519 4302 550 4346 ad
564 4303 686 4350 nemenio
702 4303 726 4360 s.
743 4305 780 4350 18.
795 4304 836 4350 ubl
851 4293 908 4349 ἔσει
926 4297 1031 4354 noina·
1045 4270 1205 4356 edrnekkor.
1234 4313 1280 4358 aa.

330 4365 407 4428 stis)
421 4371 476 4418 vtu.
491 4371 599 4452 eiusdem
609 4376 699 4425 'mureti
713 4377 772 4425 var.
786 4377 852 4426 nect
867 4379 907 4427 rto.
923 4383 940 4427 1.
956 4391 1009 4438 amp.
1025 4383 1047 4430 t.
1076 4381 1171 4430 bassa.
1231 4413 1274 4463 η,

1003 4708 1015 4736 a
1121 4673 1222 4730 bn,
