2934 5070
294 243 361 315 affl
452 245 458 264 '
546 277 549 290 .
677 243 792 310 Lllllll
818 243 999 312 saeuum
1059 311 1062 323 ,

275 467 277 475 .
378 411 462 476 llaec
484 413 589 475 etenim
610 414 759 499 ingenium¹
777 426 825 486 rea
848 411 974 486 indicet,
997 411 1212 495 illa‘pudonem.

463 497 547 560 Scire
567 499 666 578 cupio,
688 516 762 580 quae
784 497 824 558 eit
844 497 937 557 iamne
956 499 1003 558 via
1024 509 1104 558 centn
1124 497 1292 580 parandae?

316 583 357 642 '70
378 579 478 645 Talem
501 591 530 641 tc
549 593 682 660 praesta,
704 581 865 662 qualorum
884 582 980 660 poscis
1002 580 1114 644 haberi.
1138 631 1146 654 ,,
1213 636 1217 646 .

374 711 376 720 ,
461 664 596 727 Verbera
614 663 671 726 nod
691 673 816 736 metuet,
838 675 946 724 metuet
965 665 1012 743 qui
1034 665 1115 726 iuaaa
1134 666 1285 747 magistri:

378 747 462 810 llaec
484 748 530 826 qui
554 759 733 820 contemnet,
755 747 858 811 merito
880 747 969 809 mirer
988 748 1038 808 illa
1059 749 1179 812 timebit.

464 829 556 906 Quam
578 831 648 891 felix
670 851 742 910 puer
762 841 826 902 est,
850 832 940 892 virtus
962 831 992 890 in
1014 851 1068 910 quo
1089 833 1180 893 anteit
1201 831 1326 892 annosi

295 909 302 919 “
379 913 463 976 lllum
485 933 592 984 omnen,
606 916 716 974 meritia
740 914 869 977 certatim
890 911 1019 976 laudibus
1043 925 1163 988 ornant,
1240 921 1249 972 f

318 1001 361 1059 nu
380 997 422 1058 Et
442 1007 571 1077 spectant
591 997 712 1078 cupide,
735 1009 765 1056 ct
785 997 881 1056 felicia
902 1007 1004 1056 cuncta
1025 1010 1188 1078 precantur.

379 1079 421 1141 An
440 1092 539 1140 contra
558 1100 640 1142 nemo
661 1080 785 1160 alloquio
806 1078 939 1160 dignatur
958 1081 1078 1142 inerter.

379 1163 559 1242 Spernuntur
580 1165 689 1226 eunetis
712 1174 742 1224 et
762 1163 841 1242 vulgi
863 1163 958 1222 fabula
978 1163 1063 1224 liunt:

377 1247 439 1309 vix
458 1246 549 1306 oculis
571 1258 653 1328 pater
673 1248 736 1326 ipsc
758 1247 824 1306 illoa
846 1248 915 1308 satis
936 1247 1041 1325 aspicit
1060 1248 1170 1325 aequis.

462 1329 530 1388 Non
550 1340 658 1390 tantum
679 1331 708 1388 in
729 1349 866 1409 praesens
888 1329 992 1389 obsunt
1011 1341 1144 1409 peceato:
1159 1329 1222 1390 ‘aed
1243 1328 1298 1396 lroc
1312 1329 1386 1410 plna,

316 1415 358 1472 80
377 1409 426 1472 At
446 1412 519 1472 mala
541 1411 614 1492 quod
635 1413 788 1494 proclivem
810 1413 933 1473 animum
954 1412 1138 1473 assuetudine
1160 1411 1294 1473 reddunt.

234 1507 283 1556 ata
464 1494 547 1571 Quae
567 1497 641 1558 hona
663 1507 748 1570 sunt,
773 1507 904 1570 sectare,
927 1497 1013 1556 etiam
1035 1498 1060 1556 ai
1082 1495 1153 1556 dura
1172 1496 1309 1558 videntur

305 1611 578 1628 m

294 1667 478 1725 argumentum
497 1665 661 1728 modoetia03
680 1663 726 1713 aed
745 1663 790 1724 qni
807 1663 887 1713 ninnin
907 1663 1034 1712 taciturni
1054 1669 1126 1722 aunt,
1143 1663 1253 1711 nebeten
1270 1663 1388 1723 plerom-

295 1745 346 1792 que
373 1737 400 1782 et
423 1733 511 1781 obturi
535 1749 595 1782 eane
620 1737 826 1782 conruererunt.
870 1735 971 1780 Contra
994 1738 1083 1781 autern
1110 1733 1155 1792 qui
1172 1737 1268 1780 nature
1285 1731 1387 1792 garruli

295 1803 367 1863 aunt,
385 1800 579 1851 oblectamento
598 1802 703 1862 quidem
717 1815 776 1849 erre
791 1801 881 1849 nolent
896 1801 1080 1861 auctenticum
1099 1802 1144 1850 aed
1160 1801 1213 1848 nial
1228 1800 1386 1861 tempeative

295 1871 480 1931 coerceantur,
498 1885 623 1931 procace·
640 1884 670 1917 ac
686 1869 839 1929 petulanter
857 1869 981 1916 eradunt.
1019 1870 1138 1930 Optanda
1155 1861 1239 1929 ig‘itur
1257 1868 1286 1918 iu
1305 1877 1385 1930 puero

296 1941 339 1986 eat
356 1951 388 1984 ea
405 1937 526 2002 indoleo,
544 1944 619 1988 utet
638 1941 726 1988 taceat
743 1939 818 2000 ipae,
836 1937 1009 1997 loquentibur
1029 1943 1093 1985 natu
1113 1936 1312 2000 grandioribua,
1331 1937 1385 1982 avi-

295 2005 381 2065 deque
398 2005 462 2056 illua
473 2007 599 2056 discendi
617 2006 706 2056 atudio
723 2006 827 2064 audiat;
839 2011 873 2054 et
890 2005 1086 2067 interrogatur,
1105 2011 1198 2066 argute
1216 2007 1295 2064 atque
1312 2004 1385 2064 inge-

295 2072 374 2122 nioae
393 2076 562 2134 respondeat.
597 2078 664 2124 Nam
683 2079 710 2122 et
728 2075 876 2123 medentum
894 2089 953 2122 ecre
972 2088 1000 2122 ae
1020 2075 1143 2140 ostendet
1160 2077 1188 2121 et
1205 2072 1334 2121 solertem
1346 2077 1385 2120 at-

296 2157 347 2202 que
365 2147 480 2250 acutupn·
516 2145 582 2194 Tale
598 2144 719 2206 quiddam
736 2143 766 2191 in
785 2141 1052 2192 Lacedaemoniorum
1068 2142 1159 2204 pueri·
1176 2155 1192 2190 a
1207 2142 1385 2203 Xenophonte

295 2209 429 2260 laudatur.
460 2211 468 2274 )

310 2351 311 2356 ,
364 2297 410 2343 Vt·
427 2293 471 2349 69.
507 2281 591 2341 Selii
607 2281 699 2360 cupis·
722 2299 846 2346 Socraten
861 2293 1019 2344 tutionirnam
1034 2299 1062 2343 ct
1075 2293 1150 2356 quari
1165 2294 1385 2356 compendiariam

295 2361 365 2412 uiam
389 2364 422 2412 ad
445 2365 539 2417 lamam
564 2379 622 2412 enne
646 2366 764 2427 dicebat,
792 2363 892 2424 niqui·
911 2363 973 2410 talin
992 2378 1050 2411 erae
1069 2364 1203 2429 eluderet,
1232 2365 1339 2423 qualem
1359 2377 1385 2410 ae

293 2431 388 2547 p'p'bepp
404 2432 497 2564 helpen
538 2434 688 2495 Xenophon
711 2432 758 2482 lib.
778 2434 813 2481 11.
833 2431 1092 2494 commentariorum.
1130 2430 1224 2480 cicero
1243 2431 1276 2478 de
1295 2431 1384 2480 officiir

307 2515 344 2549 r.
391 2533 398 2548 .

362 2586 409 2635 Vn.
427 2583 472 2636 71.
503 2566 638 2630 Verbera
654 2588 710 2626 nott
725 2578 851 2628 metuet
884 2586 921 2632 ut
943 2583 972 2632 in
998 2582 1081 2644 viria,
1107 2583 1152 2644 qui
1178 2584 1253 2644 leger
1272 2583 1383 2632 maxime

283 2654 430 2713 'metuunt‚
456 2652 624 2700 accurirrime
649 2652 759 2710 vivunt;
783 2655 999 2714 contracuntem,
1018 2653 1063 2713 qui
1084 2657 1281 2714 nonpmetuunt
1304 2652 1383 2714 leges,

189 2749 193 2771 ι
294 2718 323 2767 in
342 2725 472 2780 perpetuo
493 2724 635 2769 vereantur
651 2725 832 2768 accuratorum
849 2724 877 2768 et
892 2719 1006 2768 iudicum
1022 2727 1108 2770 metu:
1128 2721 1167 2768 ita
1180 2720 1208 2767 in
1222 2722 1325 2781 pueris,
1344 2721 1383 2780 qui

208 2791 211 2796 '
256 2800 259 2818 ⁸
293 2788 408 2838 maxime
426 2788 612 2849 magistrorum
631 2788 704 2835 iuaaa
722 2793 852 2851 metuunt,
871 2789 977 2836 minime
990 2794 1113 2836 metuunt
1127 2791 1247 2836 verbera.
1286 2790 1384 2838 Similis

294 2857 493 2964 '5⁰¹²¹¹²⁵2*2't
511 2857 618 2918 Syneaii
635 2856 665 2906 in
682 2856 821 2920 epietolia:
848 2849 955 2928 ἀφορία
970 2859 1087 2928 μεγίστη
1105 2851 1136 2908 τὸ
1155 2859 1309 2926 φοβεῖσθαι
1326 2854 1384 2915 τοὺς

293 2941 407 2995 repone.
476 2927 487 2987 )
1149 2993 1151 2998 V

359 3011 406 3060 Va.
422 3009 465 3062 73.
503 2993 596 3068 Quam
617 2991 699 3053 felix·
735 3005 770 3058 lli
790 3021 840 3058 aex
859 3022 954 3058 vennur
975 3006 1102 3071 ratiaper
1117 3022 1146 3058 re
1161 3005 1298 3070 pcr'apicui
1315 3013 1382 3059 aunt.

232 3109 282 3158 eta
363 3110 411 3158 Vr.
429 3109 473 3162 79.
507 3091 705 3153 Νθῠῑδῦῑῦῐῐὶ.
741 3108 878 3158 Socratica
891 3109 1026 3158 cententio
1038 3113 1088 3158 eat.
1121 3113 1382 3161 Conntatautcmcx

253 3211 258 3219 ·
293 3175 443 3226 Arirtotele
463 3176 510 3224 lib.
526 3178 561 3223 ΙΙ.
580 3173 631 3242 (1.)
648 3182 676 3225 ct
695 3177 744 3227 ΙΙΙ.
779 3173 950 3238 Eth'ioorum,
972 3179 1148 3237 frequentatis
1165 3179 1284 3227 ciuadem
1304 3195 1382 3242 gene·

286 3245 334 3296 ,nir
357 3245 507 3294 actionibur
531 3245 650 3293 habitum
676 3245 751 3294 edici.
792 3247 954 3306 Quamquam
979 3251 1068 3297 autem
1093 3245 1274 3306 inpoteetate
1293 3252 1383 3296 nortun

294 3317 353 3373 eat,
371 3313 433 3373 quid
452 3327 573 3374 agamur:
592 3314 637 3362 ubi
655 3318 744 3362 tamen
762 3311 840 3374 caepe
858 3319 886 3363 ct
903 3312 949 3361 diu
967 3314 1071 3375 agendo
1082 3315 1178 3362 vitium
1192 3317 1381 3374 contraximur,

294 3382 400 3429 difficile
411 3386 460 3450 eat
479 3381 608 3430 abducere
629 3397 657 3432 re
674 3397 689 3430 a
707 3383 832 3432 diuturna
849 3387 877 3430 et
896 3381 1047 3431 inveterata
1060 3384 1262 3432 conauetudine.
1297 3387 1381 3440 Quare

293 3463 389 3510 magno
418 3449 507 3499 etudio
531 3463 624 3498 carere
649 3452 788 3516 debemur,
819 3465 853 3502 ne
878 3463 1029 3510 peccemua:
1055 3455 1198 3512 propterea
1216 3451 1286 3511 qnod
1306 3466 1381 3512 caepe

293 3517 425 3579 peccando
453 3518 634 3567 contrahimun
657 3519 791 3578 habitum,
810 3518 862 3578 oui
881 3518 925 3566 ubi
941 3519 1027 3568 'semel
1043 3519 1146 3567 radice·
1164 3520 1193 3566 in
1213 3520 1302 3570 animo
1320 3521 1381 3584 egit,

294 3601 351 3636 uon
369 3585 423 3634 uiri
440 3585 556 3634 maxima
575 3600 633 3636 cunr
651 3587 804 3639 difficultate
822 3586 904 3637 evelli
922 3590 950 3636 et
968 3587 1114 3650 exatirpari
1131 3593 1231 3650 potent.

361 3688 408 3736 Va.
426 3685 469 3738 81.
506 3670 588 3744 Quae
604 3671 677 3730 bone
693 3683 769 3731 sont.
806 3690 863 3737 Hoc
880 3703 985 3748 quoque
999 3687 1119 3737 Socratis
1137 3693 1193 3756 ent:
1212 3685 1382 3756 deligendam

185 3817 189 3822 ι
294 3768 353 3806 care
370 3769 388 3806 o
402 3750 543 3836 principio
562 3768 620 3806 eam
639 3752 748 3805 uiuendi
765 3753 899 3806 rationem
917 3769 950 3806 no
968 3752 1069 3819 altum,
1094 3770 1148 3806 non
1165 3769 1233 3820 puae
1250 3754 1381 3813 iucundis·

253 3847 255 3850 ·
293 3820 365 3874 aime
388 3829 442 3884 art,
468 3821 516 3873 red
532 3837 600 3887 quor
623 3821 823 3875 denentiaaimo.
858 3817 990 3876 Adhibita
1007 3821 1077 3874 eninr
1094 3823 1305 3891 nomenclatione,
1324 3841 1380 3876 eom

292 3887 383 3960 ipram
400 3888 620 3942 incendiariorum
631 3892 708 3954 fore.
744 3895 843 3942 verum
860 3897 911 3957 eat,
931 3891 1000 3954 quod
1017 3893 1055 3941 ait
1073 3891 1252 3954 Lucretium)
1271 3921 1304 3931 -
1323 3911 1381 3945 con·

292 3959 406 4010 incendo
423 3956 569 4010 concinnat
585 3973 712 4013 amorem.
752 3963 874 4013 Pertinet
890 3963 942 4012 huc
958 3961 1057 4010 dietum
1074 3961 1277 4012 Lacedaemonii
1294 3963 1380 4014 cudua-

270 4162 280 4182 Ι
350 4119 385 4175 n)
399 4119 430 4164 de
444 4120 586 4168 Lacedaenn
601 4121 662 4175 Iton.
677 4129 730 4176 cap.
744 4121 768 4167 a
797 4123 842 4168 rm
915 4104 925 4112 d
1024 4175 1027 4180 ,

299 4251 301 4258 Ι
351 4191 403 4249 nn)
418 4201 470 4246 can.
486 4194 524 4241 12.
539 4193 564 4250 S.
578 4193 617 4240 4³.
632 4195 692 4240 Xon.
707 4194 775 4240 laeua
790 4197 829 4242 est
842 4195 933 4254 uenti.
947 4195 973 4256 S.
986 4193 1025 4245 89.
1040 4193 1070 4244 uf.
1084 4192 1141 4244 tuin.
1157 4195 1177 4244 Ι.
1191 4193 1214 4243 i.
1229 4197 1252 4246 1.
1281 4198 1325 4245 Fa.

350 4263 421 4318 nnn]
436 4268 480 4320 un.
495 4269 518 4312 a.
533 4261 588 4322 pani.
604 4267 658 4314 tna.
678 4269 765 4315 Petav.
794 4271 839 4316 Fa.

311 4335 601 4414 ‘flwmm
