2978 5068
218 340 221 360 ,
268 265 347 362 m*
395 324 397 328 -
634 271 637 278 “
682 259 796 394 prum
824 283 944 348 ratur

271 466 384 529 duam,
407 454 481 516 tona
503 464 554 516 tua
577 453 732 516 comedam.
777 455 843 514 See
863 455 955 526 min,
976 455 1048 536 quid
1067 455 1167 518 cattia
1182 469 1301 522 coctum
1313 475 1372 536 pu·

272 551 368 604 rutrum
388 539 437 599 rit.
478 537 570 598 Forte
591 547 685 598 autem
707 555 743 597 eo
764 532 811 596 die
831 537 941 598 amicus
961 536 1073 616 quidam
1093 535 1129 597 ad
1150 559 1195 600 me
1215 538 1320 598 turdus
1341 549 1373 600 et

207 685 211 691 ,
272 619 408 686 ficedulas
429 620 536 702 aliquot
555 621 683 680 miserat.
727 619 855 694 Quarum
880 640 943 680 curn
959 631 1069 700 partem
1083 623 1183 700 coqui,
1206 635 1318 702 partein
1340 624 1371 682 iu

271 707 427 768 crastinum
453 705 565 766 servari
591 703 713 764 velleris
745 704 923 783 praeteriens
942 705 1005 784 ipsc
1032 725 1122 784 coquo
1146 725 1228 779 meo,·
1258 705 1374 767 homini

272 789 398 870 simplici
421 807 455 848 ac
474 785 609 860 credulo,
632 784 707 865 apud
723 805 806 864 quem
826 787 908 850 valde
925 789 1070 868 gratiosus
1088 799 1145 860 est,
1168 800 1372 869 persuaserat,
1466 857 1471 864 ,

270 885 304 934 ut
324 891 424 933 omues
445 881 599 950 coqueret3
622 869 727 949 alioqui
750 871 825 930 enim
849 871 931 944 iore,
959 882 991 931 ut
1012 885 1270 951 corrumperentur.
1328 873 1376 934 lta

217 969 219 974 ’
240 1001 243 1011 ,
272 956 343 1018 mibi
367 953 458 1016 denuo
475 955 579 1034 hospes
596 951 741 1013 habendus
758 955 813 1022 luit
828 973 884 1014 uon
901 955 981 1014 multi
993 965 1102 1016 tautum
1116 956 1192 1028 ioci,
1218 955 1269 1016 sed
1288 957 1374 1014 multi
1396 958 1399 968 ⁴

238 1049 243 1058 '
273 1040 358 1100 etiam
380 1038 448 1097 cibi.
495 1038 552 1098 Ubi
576 1035 756 1108 adsedimus,
779 1049 835 1097 mur
852 1039 939 1098 multa
954 1038 1044 1110 dixit,
1068 1040 1291 1099 utnonceteris
1308 1051 1376 1100 tan·

272 1133 332 1182 tum
348 1121 511 1200 domesticis
528 1122 589 1180 msu
604 1122 658 1180 ilia
671 1118 859 1193 distenderit,
881 1121 933 1182 sed
949 1133 1093 1201 postremo
1111 1123 1179 1180 mibi
1196 1123 1283 1182 etiam
1300 1123 1373 1202 ipsi,

250 1253 252 1260 ,
273 1206 321 1285 qui
348 1205 496 1264 tristitiam
519 1204 655 1264 simulare
679 1205 845 1284 cupiebam,
880 1206 970 1265 risum
997 1205 1372 1282 invitissimoexcusserit.

272 1288 375 1351 Facile
395 1289 452 1348 iam
473 1289 638 1370 perspicere
657 1297 786 1367 poterat,
810 1289 882 1350 iram
897 1290 926 1349 iu
943 1307 975 1348 sc
987 1299 1144 1348 meamaut
1156 1290 1260 1348 nullam
1275 1291 1375 1349 fuisse

273 1370 317 1454 (et
333 1373 374 1432 ta
390 1372 467 1447 erat)
483 1383 532 1432 aut
546 1372 629 1452 plane
644 1369 803 1449 depositam
818 1391 903 1432 esse:
928 1371 979 1432 sed
997 1370 1166 1452 expediebat
1182 1367 1303 1446 homiui,
1321 1393 1375 1452 pu·

271 1464 337 1516 tare
357 1474 403 1515 me
423 1451 514 1516 adbuc
529 1456 632 1515 iratum
651 1454 718 1515 sibi.
761 1453 967 1528 Redittertio,
992 1467 1021 1517 et
1037 1457 1203 1536 quaerenti,
1228 1455 1374 1538 quidhoc

272 1539 383 1620 negotii
401 1549 499 1611 esset,
526 1541 616 1610 Volo,
640 1537 750 1617 iuquit,
767 1553 877 1619 parere
895 1540 989 1601 veteri
1003 1542 1178 1600 sentenciam

421 1646 771 1822 gdppqu*quptuuolctct
791 1653 891 1742 φίλων
914 1651 1089 1736 ἀπέχεσθαι
1111 1651 1243 1742 ἑταίρων

454 1763 473 1820 η
534 1781 542 1797 ο

272 1857 346 1918 Tum
366 1867 397 1916 tu
415 1856 522 1934 igitur,
545 1854 676 1934 inquam,
698 1873 783 1914 unum
799 1873 844 1916 me
859 1854 985 1916 sodalem
1000 1827 1115 1918 babesl
1135 1859 1200 1936 Ego
1215 1873 1304 1929 acro,
1328 1856 1375 1914 in-

272 1941 351 2018 quit,
374 1951 402 2002 te
427 1941 510 1999 cneco
524 1940 626 2020 *magis
646 1939 778 2010 unacum,
800 1959 891 2018 nequa
913 1942 986 2000 mt'lti
1003 1961 1127 2019 unquam
1148 1942 1217 2001 bene
1235 1951 1291 2012 cst,
1315 1941 1379 1999 azbi

273 2043 337 2084 cum
357 2034 387 2083 et
408 2043 469 2087 esse
490 2032 521 2083 et
539 2041 662 2082 comesse
681 2041 740 2082 uua
760 2032 852 2090 tecum
869 2025 945 2083 lt'cct.
990 2021 1039 2082 An
1054 2025 1106 2084 tibi
1122 2025 1211 2102 igitur
1226 2021 1273 2082 diu
1291 2021 1375 2082 vide·

274 2107 316 2166 ris
332 2104 460 2166 abfuisse
465 2147 477 2178 ,
495 2103 550 2184 qui
573 2123 682 2164 meeum
697 2104 805 2167 etheri
820 2115 849 2165 et
864 2104 1070 2166 nudiustertius
1084 2104 1273 2168 coenaveris?
1295 2107 1374 2184 Qutic

205 2202 255 2252 att
276 2191 350 2262 tino,
374 2189 483 2268 iuquit,
512 2191 555 2248 itu
574 2207 647 2266 erga
668 2197 697 2248 te
718 2185 842 2270 affictus
859 2187 941 2262 ruat,
965 2201 1001 2252 ct
1019 2193 1122 2253 Medus
1146 2193 1194 2250 ille
1216 2208 1289 2268 erga
1316 2191 1375 2267 Cy·

273 2269 422 2354 sensti)
443 2271 495 2334 aul
518 2266 592 2334 ὅσον
614 2265 842 2353 σκαρδαμύττω
860 2269 975 2358 χρόνον
994 2269 1075 2336 πάνυ
1096 2265 1194 2346 πολύς
1213 2296 1267 2352 μοι
1289 2271 1380 2334 δοκεῖ

255 2351 360 2420 ιεἶναι.
404 2355 480 2428 Abi,
502 2355 633 2434 inquam,
657 2375 711 2435 quo
728 2353 833 2434 dignus
852 2376 896 2430 es,
921 2377 983 2416 cum
1005 2359 1071 2418 istis
1087 2359 1144 2417 tuis
1161 2357 1289 2437 ineptiis.
1323 2354 1375 2416 An
1473 2429 1474 2434 ἵ

208 2476 214 2484 -
273 2451 304 2500 te
324 2439 393 2499 milri
417 2458 469 2519 pro
486 2439 585 2518 ignoto
605 2439 695 2498 verba
710 2435 779 2498 dare
795 2439 946 2520 postulas?
966 2439 1065 2499 Licuit
1081 2440 1199 2512 dicere,
1219 2439 1302 2499 licuit
1321 2437 1376 2498 ob·

174 2599 175 2603 ¹
273 2523 409 2608 iurgare:
434 2523 497 2602 ipse
516 2533 610 2580 tamen
630 2521 788 2582 absterreri
807 2541 946 2602 nunquam
961 2525 1068 2601 potuit,
1093 2525 1160 2601 quin
1176 2541 1284 2582 mecum
1304 2541 1377 2581 coc-

273 2617 366 2670 uaret.
413 2604 540 2666 Sublatis
564 2606 688 2676 mensis,
713 2605 846 2679 Quaeso,
875 2605 1005 2684 inquam,
1028 2617 1121 2668 amoto
1136 2603 1312 2685 ludatis)
1336 2625 1375 2664 au
1473 2635 1474 2654 z

274 2689 330 2750 boc
351 2686 477 2767 quotidie
499 2687 626 2747 lecturus
641 2686 696 2748 es'l
734 2691 881 2766 Quantae,
905 2688 1013 2768 inquit,
1039 2691 1128 2750 donce
1150 2700 1177 2749 te
1200 2689 1272 2748 netz·
1281 2691 1376 2768 plane

269 2776 418 2854 placatum
437 2791 498 2831 esse
516 2791 684 2850 cognovero.
735 2771 777 2830 At
797 2791 868 2852 ego,
901 2772 1030 2851 inquam,
1057 2774 1152 2852 potius
1175 2771 1390 2854 iusiurandum,

239 2893 244 2908 .
274 2855 305 2914 in
332 2874 394 2914 eam
416 2873 475 2916 rem
496 2855 637 2914 arbitratu
659 2865 707 2914 tuo
728 2852 811 2917 dabo.
857 2855 934 2929 Quid
947 2857 1094 2935 quaeris‘l‘
1105 2857 1173 2932 Nisi
1190 2857 1277 2916 irasci
1294 2855 1374 2914 desi-

207 2985 210 3002 .
274 2939 380 3010 issem,
410 2936 518 3011 adbuc,
551 2939 669 3018 opinor,
700 2957 763 2997 cum
794 2932 971 3003 σύνδειπνον
1000 2936 1192 3021 quotidianum
1222 2939 1371 2998 haberem.

200 3035 203 3042 '
274 3021 376 3100 ltaque
399 3019 510 3100 quidvis
534 3021 590 3081 lam
609 3022 720 3102 perpeti
738 3041 853 3100 possum
875 3025 990 3104 potius,
1014 3044 1096 3102 quam
1114 3033 1146 3083 ut
1163 3025 1228 3082 istis
1245 3023 1371 3094 irascar,

275 3106 323 3186 qui
341 3115 444 3164 setam
463 3104 536 3165 bene
550 3103 696 3165 vindicare
713 3117 827 3166 norunt.
872 3105 964 3166 Extra
979 3107 1084 3178 iocum,
1105 3108 1143 3166 mi
1161 3104 1302 3179 Gerarde,
1322 3125 1374 3165 ne·

141 3245 153 3254 ,
175 3255 179 3262 ,
275 3207 330 3271 quc
347 3189 426 3247 Titio
448 3178 594 3268 quisquam
612 3189 658 3248 vir
678 3187 779 3266 melior
796 3199 841 3249 est
855 3209 946 3268 aeque
960 3190 1045 3250 officii
1061 3191 1190 3270 plenior,
1213 3207 1304 3268 neque
1323 3209 1373 3248 cu-

274 3271 321 3334 ius
343 3281 393 3330 aut
415 3289 509 3330 sermo
531 3281 581 3330 aut
597 3271 742 3331 convictus
760 3273 829 3332 mihi
844 3271 955 3333 dulcior
971 3275 1024 3333 sit:
1050 3272 1100 3333 sed
1118 3283 1211 3333 tamen
1229 3271 1374 3332 interdum

275 3355 305 3418 in
324 3354 467 3414 menimis
484 3355 540 3414 sibi
558 3355 644 3413 multa
661 3356 810 3434 permittit.
828 3347 842 3363 ³
853 3357 937 3417 Nitit
958 3367 1003 3418 cst
1019 3357 1049 3415 in
1065 3357 1238 3419 bibliotheca
1252 3376 1316 3446 npea
1332 3357 1374 3414 ita

275 3437 437 3497 abstrusum
449 3429 488 3497 'ac
502 3437 697 3510 reconditum,
708 3511 709 3517 ἵ
720 3450 752 3498 ut
765 3439 793 3499 ei
806 3460 861 3499 uun
874 3452 987 3521 pateat:
1011 3441 1105 3499 omnia
1119 3441 1253 3519 inspicit,
1277 3439 1374 3505 omnia
1473 3439 1474 3462 ¹

275 3529 483 3602 perscrutatur.
527 3520 598 3581 Fuit
612 3521 697 3582 etiam
710 3531 831 3606 tempus,
851 3521 1179 3604 cum,quicquidvisuu1
1196 3533 1268 3594 erat,
1284 3524 1373 3582 etiam
1473 3525 1474 3528 ’

275 3623 321 3663 me
344 3605 504 3664 inconsulto
530 3604 679 3666 auferebat
699 3604 849 3686 acdeiudc
865 3609 1028 3670 referebat:
1052 3605 1103 3666 scd
1116 3605 1145 3665 id
1161 3606 1256 3666 lacere
1272 3604 1371 3678 desiit,
1424 3651 1428 3658 .
1473 3633 1474 3674 g

275 3697 423 3769 postquam
445 3707 491 3748 nnc
510 3707 598 3768 aegre
614 3689 692 3749 lerre
707 3689 915 3754 animadvertit.
928 3709 939 3723 ‘·
959 3689 1000 3752 Et
1017 3699 1110 3764 tamen
1125 3692 1167 3749 sic
1179 3709 1300 3775 quoquc,
1323 3689 1373 3749 ab·
1473 3689 1474 3712 l

277 3781 359 3830 sente
375 3790 437 3843 me,
461 3773 621 3851 pervolutat
635 3773 746 3846 omnia,
772 3795 870 3836 omnes
887 3775 995 3836 forulos
1011 3775 1132 3846 excutit,
1155 3793 1246 3852 neque
1262 3771 1287 3832 si
1304 3770 1373 3851 quid
1410 3823 1416 3836 ,
1473 3777 1474 3838 l

276 3851 360 3916 brodo
381 3855 540 3917 absolutum
562 3875 596 3917 ac
617 3857 788 3938 perpolitum
802 3871 871 3935 cst,
895 3856 946 3920 sed
963 3855 1046 3922 rudia
1063 3859 1165 3932 etiam,
1188 3859 1213 3917 si
1232 3857 1372 3927 collibuit,

333 4033 368 4090 tt)
382 4035 515 4080 Auctorem
529 4034 620 4083 trustra
634 4047 698 4093 quae
711 4039 767 4086 stri.
783 4043 829 4090 ra.

334 4105 389 4163 trs)
404 4107 514 4164 Xencptr.
530 4109 619 4166 cyrop.
634 4113 653 4156 1.
668 4111 691 4158 4.
707 4113 745 4161 28.
774 4115 820 4160 Fu.

334 4179 407 4237 uu)
421 4181 506 4230 liutet
521 4183 598 4228 seror.
612 4183 631 4228 1.
648 4186 670 4231 t.
686 4185 725 4230 ti.

390 4256 403 4284 r
517 4256 566 4301 Sed
579 4257 656 4302 terret
670 4259 773 4304 amota
787 4262 1005 4314 murmurem
1018 4261 1100 4306 tuctu.

279 4324 396 4392 millu·
410 4325 443 4370 ⁸1¹
457 4327 524 4372 '⁸³¹-
540 4328 578 4372 Η·
593 4327 618 4383 S·
632 4329 656 4374 θ.
670 4333 761 4376 ruttulo
775 4331 836 4376 ioco.
863 4333 925 4380 Mox
939 4333 1025 4382 dicitur
1038 4335 1110 4380 aaa
1123 4335 1212 4395 tacut,
1231 4333 1296 4390 quud
1311 4333 1373 4380 idem

280 4382 473 4440 semicremata,
488 4383 602 4452 autam.
617 4385 669 4433 Vll.
686 4387 723 4436 ts.
738 4388 761 4434 8.
789 4391 834 4435 rs.
1407 4389 1409 4396 ‘
1473 4429 1474 4438 q
