2934 5070
112 253 115 260 ’
199 355 205 372 ,
274 275 350 374 too
690 275 938 340 aucrammr
1049 303 1052 312 ι

276 465 344 508 eece
361 465 442 526 quam
459 441 654 526 plorimis;†)
674 454 704 504 et
723 463 790 524 ego,
814 445 840 504 si
859 443 929 505 nihil
948 439 1037 513 aliud,
1060 451 1139 503 certe
1153 463 1203 504 eos
1217 461 1330 516 omnes,
1353 463 1372 502 a

276 529 378 610 quibus
401 528 508 608 aliquid
531 547 689 608 accepero,
720 526 839 588 ornabo.
891 525 982 588 Dolet
1003 525 1091 597 mibi,
1122 525 1197 606 quod
1216 521 1298 598 enm,
1323 529 1372 606 qui

276 612 346 674 mibi
363 623 521 692 postremas
538 633 561 676 a,
573 622 603 672 te
618 611 727 671 litteras
743 611 854 684 attulit,
875 629 958 690 quem
976 621 1007 668 tu
1022 619 1054 668 nt
1066 603 1203 669 disertum
1221 609 1373 670 doctrinae

276 697 359 757 nobis
371 716 392 756 a
405 693 470 756 Deo
487 694 611 756 traditae
624 694 825 773 explicatorcm
841 704 870 754 et
884 693 1034 774 praeclare
1048 690 1121 771 apud
1133 715 1184 754 vos
1200 713 1235 753 eo
1253 711 1373 753 munere

157 784 161 800 ⁴
195 811 206 848 ,x
276 779 401 840 iunctum
424 779 493 838 mihi
516 796 619 856 magno
642 795 730 856 opere
752 769 984 848 commendabas,
1009 775 1114 836 uidere
1134 777 1257 836 nondum
1278 778 1370 856 potui.

217 916 223 927 .
277 861 312 923 ld
326 882 362 922 eo
381 862 503 933 accidit,
527 859 681 941 quodcum
706 861 756 920 ille
777 880 796 920 a
817 871 847 920 te
868 860 936 920 mibi
958 860 1069 920 litteras
1092 871 1123 920 et
1142 861 1244 922 librum
1265 861 1372 931 anulii,

210 939 214 1001 ἶ
281 945 356 1004 domi
380 965 555 1017 noueram,
578 944 633 1002 mei
650 955 744 1004 autem
762 945 803 1003 itu
820 941 926 1024 stupidi
938 943 1075 1014 luorum,
1098 952 1129 1004 ut
1144 963 1180 1006 ue
1195 963 1299 1003 nomen
1312 945 1374 1022 qui-

207 1025 267 1088 ’Μ
280 1027 344 1089 dem
362 1030 453 1108 ipsios
478 1027 670 1108 quaesierint3
692 1045 807 1106 operam
825 1037 918 1087 tamen
938 1025 1029 1096 dabo,
1052 1035 1084 1085 ut
1105 1045 1168 1086 enm
1191 1027 1371 1092 conveniam.
1424 1068 1428 1081 .

279 1110 328 1172 De
346 1122 398 1176 tuo
420 1111 534 1171 nomine
551 1107 624 1188 quod
644 1127 688 1168 me
706 1111 851 1183 consulis,
873 1108 936 1169 lieri
952 1110 1002 1168 vix
1022 1119 1136 1190 potest,
1160 1121 1191 1169 nt
1205 1112 1269 1169 eius
1284 1111 1374 1169 altera

83 1144 131 1248 s
279 1197 345 1276 pars
369 1195 499 1266 Graeca,
526 1194 618 1254 altera
637 1192 742 1252 Latina
763 1194 812 1253 sit.
864 1190 906 1252 Et
922 1202 1002 1255 certe
1019 1213 1082 1251 cum
1103 1192 1173 1252 illud
1194 1213 1293 1253 verum
1316 1203 1372 1264 cst,

279 1279 373 1338 omnia
394 1279 507 1338 nomina
528 1274 616 1340 θέσει
640 1271 715 1339 εἶναι
738 1276 788 1339 καὶ
810 1269 847 1338 od
865 1270 970 1358 φύσει,
994 1289 1052 1334 tum
1068 1278 1222 1356 praecipue
1243 1278 1275 1336 in
1293 1277 1376 1334 lami-

279 1363 381 1420 liarnm
401 1360 560 1420 nominibus
582 1378 651 1421 vere
674 1360 728 1420 boe
744 1359 801 1420 dici
817 1369 923 1440 potest.
968 1359 1108 1418 Graecam
1125 1361 1248 1420 litteram
1268 1359 1374 1420 nnllam

279 1446 307 1506 ei
323 1463 428 1504 censeo
447 1442 617 1504 admisceas.
663 1441 710 1502 De
724 1445 856 1522 origine,
880 1441 985 1522 siquid
1000 1442 1067 1500 mibi
1084 1443 1113 1502 in
1128 1453 1249 1503 mentem
1266 1443 1374 1515 veniet.

280 1529 428 1588 faciamte
448 1529 611 1588 certiorem.
655 1525 701 1586 Mi
716 1525 839 1588 Cioiane
854 1527 959 1606 optime
975 1535 1005 1585 et
1019 1526 1207 1599 suavissime,
1230 1527 1318 1588 etiam
1333 1537 1374 1584 at-

280 1629 335 1692 que
349 1613 435 1671 etiam
448 1611 524 1672 vale.
568 1609 690 1671 Romae.
707 1609 764 1673 lv.
782 1608 827 1670 ld.
842 1608 918 1669 Mai.
934 1607 1114 1704 MDLXIX.

279 1775 368 1840 vrn.
411 1774 459 1838 m.
488 1774 599 1838 aar.
627 1753 864 1920 mvffiffissug
892 1722 1116 1918 spurcum
1145 1729 1375 1835 droraao
1445 1721 1446 1728 Ν

280 1943 389 2037 Velim
406 1975 475 2036 mibi
496 1971 618 2047 credas,
639 1971 713 2056 quod
728 1985 785 2035 tam
802 1972 850 2035 diu
874 1975 945 2035 meis
960 1973 1065 2034 litteris
1081 1975 1229 2046 carueris,
1251 1973 1305 2032 tibi
1320 1993 1375 2032 non

281 2059 429 2121 molestius
454 2078 622 2138 essequam
645 2059 725 2119 mibi.
771 2057 830 2118 Sed
853 2069 883 2120 et
906 2058 1006 2118 multas
1026 2059 1115 2118 ctuis
1136 2057 1172 2117 ad
1189 2077 1233 2116 me
1250 2057 1374 2135 perlatas
1409 2099 1413 2110 .

282 2163 338 2204 non
361 2162 445 2215 esse,
468 2162 505 2202 ex
525 2142 563 2201 iis
581 2161 653 2222 quae
676 2143 802 2223 perlatae
820 2153 886 2202 sunt
906 2143 1055 2222 intelligo;
1079 2143 1169 2222 etqui
1191 2160 1297 2221 paucas
1312 2141 1375 2198 illas

282 2227 456 2302 attulerunt,
480 2227 554 2285 orati
573 2245 590 2285 a
608 2245 670 2297 me,
693 2236 725 2284 ut
740 2245 777 2284 ne
791 2226 854 2284 sine
870 2224 942 2286 mdis
962 2223 997 2284 ad
1013 2237 1043 2284 te
1061 2223 1199 2296 redirent,
1221 2244 1286 2282 eum
1301 2243 1334 2283 se
1347 2222 1376 2281 id

282 2309 409 2369 facturos
431 2301 551 2388 polliciti
572 2319 690 2381 essent,
718 2327 816 2368 omnes
840 2321 955 2388 praeter
973 2308 1047 2368 bunc
1068 2307 1299 2379 adolescentem,
1329 2308 1375 2384 qni
1446 2371 1447 2384 p

282 2405 442 2474 postremas
459 2391 546 2452 hasce
561 2392 666 2464 attulit,
690 2391 833 2470 neglectui
855 2387 1048 2472 babuerunt*)
1065 2391 1165 2450 iidem.
1210 2391 1285 2450 Tum
1304 2387 1378 2468 quod
1446 2391 1447 2398 ’

283 2475 352 2536 mihi
376 2477 461 2554 longe
482 2475 712 2535 molestissimum
730 2485 792 2547 cst,
814 2475 972 2554 Virgilium
991 2475 1088 2546 illum,
1112 2474 1147 2534 de
1168 2475 1299 2554 quoiam
1320 2474 1377 2552 pri·

283 2557 347 2620 dem
365 2557 401 2618 ad
425 2577 469 2618 me
491 2559 652 2637 scripsisti,
675 2577 814 2637 nunqnam
826 2557 1011 2638 vidi,2ueque
1025 2557 1162 2636 quaedam
1176 2560 1204 2616 in
1220 2557 1375 2628 Tibullum,

284 2661 357 2722 quac
374 2654 402 2702 te
423 2642 540 2701 misisse
563 2641 720 2722 significas.
767 2641 866 2715 Quare
885 2640 969 2714 tide,
995 2643 1041 2701 cui
1055 2642 1250 2701 commiseris:
1273 2640 1376 2698 bellem

285 2727 361 2785 enim
379 2725 502 2805 periisse
516 2724 577 2786 illa.
622 2723 706 2800 Quod
718 2723 755 2784 de
771 2723 893 2785 adventu
910 2724 964 2785 buc
980 2736 1027 2784 tuo
1043 2726 1158 2796 scribis,
1176 2722 1377 2803 periucundum

286 2810 356 2870 mihi
375 2819 436 2868 esta
460 2819 490 2868 et
507 2827 561 2886 ego
581 2808 633 2868 tibi
650 2811 744 2868 omnia
762 2809 878 2888 quaein
901 2829 945 2868 me
962 2819 1045 2868 erunt
1058 2808 1377 2886 cumulatissime'prae-

287 2893 380 2952 stabo.
427 2889 474 2951 De
496 2893 612 2953 anelt'ore
633 2903 741 2952 natura
765 2889 839 2970 apud
865 2889 1079 2971 Ovidium‚**)
1104 2893 1161 2950 iam
1186 2892 1288 2970 viginti
1312 2890 1378 2948 anni
1447 2901 1448 2928 ³

288 2972 453 3054 sunt,**i*)
477 2995 539 3036 eum
556 2975 634 3035 locus
648 2975 698 3034 ille
714 2977 752 3034 ita
766 2995 883 3054 prorsus
902 2995 919 3035 a
936 2995 981 3036 me
996 2975 1153 3056 explicatus
1171 2985 1227 3045 est,
1243 2985 1274 3032 nt
1287 2975 1377 3032 amieo

228 3063 233 3070 “
287 3059 411 3128 illitae,
434 3052 541 3116 bomini
559 3057 682 3130 erudito,
706 3058 901 3136 explicandum
916 3058 1005 3118 videri
1027 3056 1159 3119 scribis.‘
1188 3057 1290 3136 Neque
1309 3075 1377 3116 sanc

208 3177 212 3184 »
288 3161 361 3200 nunc
379 3141 465 3200 aliter
478 3142 589 3213 sentio,
611 3161 692 3220 qnam
707 3152 766 3200 tum
782 3141 949 3202 sentiebam.
994 3144 1096 3201 Artem
1110 3142 1275 3212 memoriae,
1298 3159 1378 3218 mam

268 3295 271 3306 Ι
289 3235 388 3284 tenere
410 3243 456 3282 me
475 3235 573 3302 putas,
593 3243 648 3282 non
669 3235 771 3295 tene03
790 3235 822 3284 et
841 3235 872 3284 ut
887 3245 984 3285 verum
1000 3227 1050 3284 tibi
1068 3226 1178 3295 fatear,
1201 3244 1262 3283 cum
1278 3244 1314 3282 ex
1331 3243 1377 3292 co,

289 3307 325 3368 de
340 3325 395 3386 quo
414 3307 519 3386 scripsi
539 3307 568 3365 in
588 3306 670 3366 libris
684 3307 845 3384 Variacum¹
857 3307 1025 3368 Lectionum
1034 3307 1091 3390 ,†)
1113 3306 1226 3366 discere
1241 3327 1304 3366 eam
1316 3327 1380 3386 pos-

225 3437 230 3444 .
290 3411 370 3462 sem,
394 3391 520 3468 neglexi.
565 3390 632 3450 Tibi
652 3401 746 3449 tannen
769 3391 875 3450 bomini
897 3390 1071 3452 adolescenti
1088 3411 1143 3451 non
1164 3402 1316 3470 propterea
1332 3410 1380 3449 ne·

99 3483 103 3494 ·
199 3537 205 3550 .
290 3472 452 3552 gligeadum
471 3483 548 3552 puto.
594 3473 626 3534 Si
645 3471 817 3552 quidtecum
834 3473 887 3534 buc
907 3474 1020 3534 adferes
1036 3473 1323 3555 librorumveterum,
1339 3473 1380 3531 ia·

290 3558 350 3616 cies
367 3577 425 3616 rem
443 3557 511 3616 mihi
527 3566 636 3634 gratam
653 3576 743 3634 neque
757 3558 811 3636 ipsi
828 3558 880 3617 tibi
892 3557 1033 3634 inutilem.
1078 3557 1167 3617 Certe
1182 3558 1321 3631 enim‚·si
1338 3558 1379 3614 ni-

210 3707 213 3712 ,
290 3640 331 3699 bil
354 3639 450 3712 aliud,
474 3639 653 3699 conferemus
673 3659 723 3700 eos
745 3661 818 3712 uua,
842 3652 871 3700 et
890 3641 996 3719 aliquid
1018 3643 1046 3700 in
1064 3661 1210 3700 commune
1227 3641 1378 3700 discemus.

282 3721 360 3784 'Noli
381 3745 399 3806 a
422 3743 467 3782 me
487 3733 604 3802 petere,
627 3733 658 3780 ul
676 3734 704 3782 te
719 3743 829 3782 amem:
854 3723 965 3784 ferreus
980 3726 1054 3783 enirn
1071 3726 1143 3797 sim,
1165 3725 1224 3784 nisi
1239 3725 1268 3784 id
1284 3735 1381 3804 sponte

292 3807 406 3879 sociam,
430 3817 486 3866 tam
500 3806 597 3865 multis
612 3816 671 3866 ate
685 3817 783 3868 ettam
801 3806 932 3866 iucundis
949 3801 1250 3888 oiddia-provocatus.
1295 3809 1380 3870 Vale.

291 3890 412 3950 Romae.
430 3890 502 3952 vll.
520 3888 565 3949 ld.
585 3887 742 3950 Novembr.
759 3888 938 3951 MDLxlx.

349 4079 384 4139 †)
399 4083 517 4126 Fortasse
530 4081 659 4135 legendnm
672 4081 795 4135 promea.
825 4083 870 4126 Fa.

349 4153 382 4209 a)
398 4153 433 4198 ct.
450 4155 621 4209 adn.'t'om.1.
638 4158 666 4214 R,
682 4165 737 4210 pag.
753 4155 807 4202 19⁰.
837 4157 883 4202 Ρη.

348 4226 400 4280 uta)
415 4229 575 4281 Metamorpb.
590 4231 608 4276 1.
623 4229 662 4274 21.
691 4231 736 4274 Fa.
762 4257 765 4267 ‹

348 4297 420 4353 aaa}
434 4301 506 4344 Anno
521 4311 581 4355 ergo
596 4302 664 4350 1649.
680 4299 761 4349 ovidii
774 4303 839 4348 num
851 4293 1095 4357 tommtexplanarit.
1124 4300 1219 4351 Laesa.
1269 4289 1275 4296 “

349 4369 385 4432 ᾗ)
399 4371 442 4419 111.
463 4375 486 4420 1.
516 4375 562 4420 Fa.
