2980 5074
679 279 932 372 ruvnururuu

424 473 560 536 Geminat
579 469 737 565 timepdo.
758 471 829 534 Sive
847 471 948 533 nihil
939 441 1029 534 instat
1050 473 1128 548 mali,

424 558 582 637 Fallaxque
602 547 725 618 mentem
745 557 841 636 imago
860 557 986 618 turbavit
1005 567 1099 631 tuam,

250 627 257 634 ’
342 645 405 704 000
426 640 489 703 Cur
508 661 582 702 vana
601 659 686 701 veros
708 659 811 700 caussa
832 640 970 721 producet
989 639 1125 700 metus?

424 725 484 788 Son
507 722 596 808 (quod
616 723 757 805 repellant
776 735 875 784 saneta
896 723 992 784 divum
1013 743 1127 785 nummu
1135 723 1161 810 t)

367 807 539 880 Mutata
559 806 670 867 Romae
692 807 751 867 lata
770 803 838 886 quid
860 808 977 886 gravius
999 818 1119 906 parant,

362 893 535 954 Tamen
552 887 626 951 haud
647 889 799 952 timendum
817 900 872 950 est.
897 889 966 950 Rite
986 891 1132 972 conceptis
1151 891 1243 966 deos
1308 941 1311 951 .

424 973 545 1036 Mollire
564 973 639 1034 votis
660 973 799 1052 thuraque
821 974 880 1034 aris
903 972 1032 1034 omnihus

343 1063 406 1120 000
425 1056 555 1118 Adolere
576 1067 714 1137 praestat.
758 1055 826 1116 Non
847 1052 1034 1117 inexorabilis

423 1142 511 1202 Mens
534 1149 580 1202 est
599 1139 736 1200 deorum:
759 1159 846 1219 saepe
865 1141 1016 1200 fleetuntur
1035 1159 1133 1220 preco.
1188 1161 1193 1177 ¹

428 1224 604 1302 Quamquam
620 1222 762 1303 equidem,
778 1224 901 1294 alumna,
918 1225 1027 1282 instare
1049 1224 1090 1284 ull
1106 1225 1255 1300 existimo:

363 1331 374 1356 ι
426 1305 486 1378 Sed
508 1327 582 1368 vana
604 1317 713 1366 mentes
737 1325 824 1386 saepe
844 1305 943 1365 ludunt
964 1304 1084 1366 somnia.

427 1391 520 1465 Quam
541 1407 627 1470 saepe
649 1389 743 1450 inanis
765 1400 811 1450 est
832 1389 902 1448 milri
922 1389 1051 1450 obiectus
1073 1391 1159 1452 timor

343 1478 406 1534 290
427 1475 478 1535 Sic
500 1471 673 1533 somnianti?
702 1473 778 1532 nulle
799 1473 876 1532 inest
896 1493 995 1534 somno
1015 1471 1098 1534 fides.
1195 1498 1198 1502 ·
1244 1470 1271 1524 ἰ

429 1556 502 1631 Quis
517 1568 573 1616 tam
586 1557 630 1616 vel
645 1554 750 1654 audax,
768 1554 923 1616 Caesarem
937 1568 968 1615 ut
981 1564 1080 1636 petere
1096 1555 1220 1618 audeat?

425 1639 484 1702 Vel
506 1651 563 1699 tam
585 1640 700 1718 impius,
718 1649 817 1719 petere
836 1649 867 1698 nt
885 1639 960 1698 velit
975 1641 1086 1718 patriae
1104 1640 1234 1720 patrem?
1318 1662 1322 1672 “

426 1721 573 1802 Quotquot
592 1722 637 1782 vel
656 1740 739 1781 error
759 1722 804 1783 vel
827 1723 957 1782 voluutas
981 1722 1113 1802 pertinax

425 1805 484 1868 Vel
503 1804 612 1866 invidia
633 1798 754 1864 Caesari
776 1805 937 1864 inimicaret
957 1814 1026 1878 tuo,

343 1891 405 1949 008
428 1887 539 1948 Partim
558 1885 699 1948 verendus
719 1889 841 1968 perculit
858 1888 963 1949 Martis
985 1890 1084 1963 furor,

428 1970 566 2032 Mirauda
584 1973 687 2052 partim
708 1969 846 2030 Caesaris
867 1972 1031 2031 elementia!

426 2055 578 2126 Servavit,
601 2065 631 2114 et
650 2053 790 2114 servando
812 2055 920 2114 amieos
943 2052 1077 2116 reddidit.

425 2139 474 2198 An
495 2138 569 2198 ullus
593 2138 710 2216 iugenio
731 2157 798 2198 esse
818 2149 875 2197 tam
896 2139 1010 2198 immani
1030 2149 1132 2218 queat,

425 2220 544 2282 Debere
562 2222 649 2281 vitam
670 2229 702 2279 ut
724 2222 769 2280 eui
793 2241 871 2281 suam
895 2239 928 2280 so
949 2204 1111 2301 ithgat,

344 2304 509 2364 ὕο0111ἰιιι
530 2306 593 2384 ipse
613 2313 705 2363 tentet
724 2303 838 2364 insidiis
860 2303 983 2384 eaput‘lr

429 2386 538 2448 Omitte
559 2396 692 2466 questus:
717 2387 811 2446 abiioe
832 2407 868 2447 ex
888 2389 982 2447 auimo
1006 2397 1130 2448 metum.

382 2469 517 2535 Venti
539 2471 617 2531 leves
639 2480 688 2529 tua
708 2467 886 2549 dissipabunt
908 2472 1029 2530 sumnia.

388 2551 520 2611 CAL.
543 2553 589 2612 lta
607 2551 649 2610 Di
670 2553 775 2612 velint!
791 2553 947 2632 'Utcunque
967 2555 1017 2626 sit,
1036 2554 1176 2616 saltem
1150 2573 1241 2656 varum
1274 2609 1279 2618 ,,

425 2635 591 2708 Preeabor,
614 2645 646 2694 ut
662 2654 697 2694 se
717 2635 861 2694 contineat
880 2635 965 2694 hodie
985 2635 1071 2700 domi

347 2721 408 2778 505
431 2719 489 2782 Ubi
511 2719 580 2800 quid
599 2717 726 2792 timetur,
749 2719 843 2778 cautio
865 2739 1004 2799 uunquam
1025 2733 1120 2784 nocet.

615 2901 999 2968 CHORUS.

431 3020 498 3112 Ῑιιιιι
520 3050 583 3113 dies
604 3049 708 3114 Annae
728 3052 815 3117 rediit
833 3053 1003 3114 Perennae:

430 3135 457 3195 0
482 3145 596 3220 quot
569 3136 599 3196 iu
619 3136 722 3208 laetis,
745 3137 913 3218 Tyberine,
938 3139 1027 3218 ripis,
1084 3151 1095 3172 ι

430 3218 545 3295 Senties
569 3197 648 3277 ldsus
670 3219 756 3279 hodie
776 3217 937 3280 venustos?

410 3300 509 3375 Quot
526 3299 686 3386 puellarum
706 3300 825 3382 pedibus
848 3301 1077 3384 premeris?-

322 3331 408 3442 .5l0
429 3379 552 3443 Candidi
576 3395 643 3463 quot
666 3397 694 3446 te
717 3387 834 3446 iuvenes
855 3389 998 3459 revisent,

341 3515 344 3526 .
431 3467 511 3542 Quot
534 3467 654 3528 senes‘l-
667 3469 715 3548 qui
736 3467 838 3529 dehine
859 3471 999 3530 titubante
1020 3490 1179 3550 gressu„
1232 3455 1238 3466 Ι

432 3552 526 3631 Saepe
548 3551 663 3610 siccatis
686 3551 791 3612 madidi
814 3553 946 3625 oulullis‚

429 3634 511 3694 Nare
534 3632 569 3693 de
590 3636 686 3714 erispa
706 3637 854 3696 tremulum
875 3637 1049 3709 vibrisseut,

429 3715 472 3776 Et
492 3718 658 3780 vacillantes
682 3719 791 3800 agitent
810 3719 940 3781 choreas

269 3779 272 3803 ²
347 3801 408 3859 ata
512 3799 572 3859 Dii
597 3802 694 3906 procul
716 3803 825 3863 laevum
846 3803 968 3862 teneatis
991 3823 1114 3876 omen,

429 3883 497 3942 Neu
518 3883 584 3942 mali
606 3887 752 3964 quiequam
774 3887 859 3946 sinite
881 3887 1016 3960 evenire,

429 3967 499 4040 Quo
521 3968 613 4027 minus
635 3969 714 4033 vultu
735 3970 852 4050 populus
875 3988 978 4029 sereno

357 4089 361 4100 .
430 4049 531 4110 Possit
551 4052 680 4130 antiquos
701 4053 848 4112 oelebmre
871 4053 961 4112 ritus:

432 4133 506 4195 Tuta
529 4133 580 4194 sed
599 4146 697 4195 vestro
720 4135 836 4196 assidue
856 4147 995 4216 pereuuet

347 4217 412 4274 320
620 4218 713 4278 Roma
736 4221 846 4279 favore.

345 4306 347 4311 '
433 4313 435 4320 ’
516 4297 598 4360 Nil
589 4321 619 4359 ιιι
641 4301 770 4361 humanis
792 4301 895 4362 stabile
913 4314 959 4363 est
976 4301 1142 4406 putandum.

431 4381 527 4464 Saepe
546 4403 664 4446 ssouros
687 4386 802 4446 iuimiea
822 4386 925 4446 lusus

1102 4567 1104 4575 ι
1124 4575 1135 4628 pp
1214 4577 1216 4591 p

1213 4617 1216 4636 i

1209 4637 1213 4658 p
