2960 5070
678 265 791 330 LIBRI
818 263 939 328 PRIMI
1035 297 1051 370 st

200 482 246 532 on
505 467 563 532 rx.
605 465 662 529 nn
687 463 882 529 nannai
910 415 1112 530 nomini.

388 571 504 666 Onon
521 600 567 664 vel
589 598 683 661 medio
705 596 881 679 splendidior
901 599 966 674 die,
1089 632 1092 640 ·

473 686 564 746 Cuius
586 703 639 765 per
658 683 794 743 tenebras
816 683 938 761 virginis
961 685 1093 764 integrae

471 769 521 831 Ex
542 769 606 828 alvo
627 766 717 828 nitida
738 767 788 826 Sul
810 785 901 828 uuvue
924 768 1045 842 emieat,

473 850 628 932 Complens
649 849 745 911 omnia
765 848 883 912 lumine.

279 1003 282 1009 Δ
348 934 518 998 neuun-no
538 953 659 1015 imperio
681 953 728 1012 qur
753 944 829 1011 regat
851 934 963 1007 omnia,

373 1013 376 1026 '
473 1021 690 1096 Humanumque
710 1015 776 1076 Deo
796 1017 930 1077 consiliat
952 1036 1062 1095 genus,

419 1159 421 1164 .
475 1103 506 1164 le
528 1122 602 1162 nunu
623 1100 677 1160 sub
700 1095 797 1180 tuguri
816 1101 883 1159 vilis
903 1099 1039 1180 opereulu

475 1187 625 1256 Neaerae,
648 1184 811 1263 pauperiem
833 1181 947 1242 docet.'

308 1321 314 1334 .
392 1269 532 1333 Paetores
554 1269 647 1329 ovium
654 1307 665 1338 ‚
688 1264 753 1326 dum
775 1265 911 1345 gregibus
933 1265 995 1326 suis

295 1402 300 1424 ,
330 1360 372 1417 tu
474 1353 582 1414 latenti
602 1349 706 1428 vigiles
729 1347 863 1409 excubias
885 1345 991 1426 agunt,

477 1433 569 1497 Primi
589 1433 666 1494 buno
688 1432 818 1510 angelico
841 1434 968 1492 carmine
988 1431 1121 1492 nuneium

478 1518 580 1579 Laetis
601 1516 719 1576 auribus
741 1515 885 1576 hauriunt.

395 1601 485 1665 Grata
506 1612 552 1660 est
571 1597 646 1659 baud
668 1597 754 1658 dubie
773 1599 942 1678 simplicitas
964 1595 1049 1670 Deo,

480 1684 573 1745 Grata
593 1693 639 1742 est
658 1681 736 1753 vita,
759 1678 832 1741 dalis
854 1701 927 1761 quae
948 1681 1048 1761 proeul
1066 1675 1197 1741 omnibus

332 1773 374 1830 lli
476 1767 599 1828 Rectum
623 1775 721 1844 sponte
743 1783 796 1822 sua
815 1775 953 1845 perpetuo
974 1764 1062 1835 eelit',

480 1849 522 1912 Et
542 1851 666 1930 priscam
686 1847 793 1908 retinet
809 1847 904 1912 fidem.

397 1933 527 2016 Simplex
547 1943 603 1996 ete.
758 1947 759 1956 ¹

508 2099 551 2162 x.
594 2098 647 2162 in
674 2051 825 2184 urus.
854 2092 1125 2160 suesanus.

396 2197 530 2295 Levitae
551 2232 663 2292 iuvenis
687 2230 774 2291 iurtia
796 2242 913 2309 pectora

483 2316 590 2375 Ornari
613 2316 707 2376 solitis
729 2325 839 2394 tempus
862 2312 1037 2387 bonoribus,
1147 2309 1152 2321 '

442 2397 445 2402 “
482 2398 598 2458 Primus
620 2399 751 2480 martyrii
772 2397 819 2476 qui
839 2397 895 2457 sibi
914 2398 1042 2460 lauream
1094 2415 1097 2422 ’

483 2482 572 2544 Vitae
595 2481 730 2561 prodigus
753 2478 856 2542 induit.

357 2568 378 2626 tt
398 2558 550 2627 'fundebat
569 2563 711 2646 lapidum,
734 2561 883 2642 grandinis
903 2561 934 2621 in
955 2559 1087 2636 modum,

483 2647 586 2707 Densa
607 2647 690 2707 turba
711 2646 836 2706 tremens
856 2645 949 2704 imbre
971 2665 1083 2705 eaerum
1104 2655 1206 2726 eaput3

412 2745 415 2750 '
482 2731 633 2810 Nunquam
655 2741 730 2790 muta
752 2749 806 2789 suo
826 2727 880 2788 sed
897 2739 992 2788 tumen
1013 2741 1059 2790 est
1079 2730 1143 2790 loeo

483 2813 570 2876 Mens
591 2826 689 2874 saneto
711 2813 791 2873 ebria
813 2813 939 2892 Spiritu:

400 2895 459 2959 Sed
479 2917 545 2958 sese
566 2899 595 2956 in
618 2896 719 2958 mediis
743 2895 845 2956 ictibus
868 2895 1004 2974 erigens,

340 2983 382 3040 ¹0
483 2979 532 3040 Ad
554 2981 662 3042 eaelum
686 2990 857 3060 penetrans,
880 2977 945 3050 En,
970 2979 1028 3052 ait,
1051 2997 1088 3040 eu
1109 2997 1192 3052 eum,

482 3057 544 3124 Pro
565 3083 620 3142 quo
641 3061 723 3122 dulee
747 3062 819 3122 mori
842 3071 905 3134 est,
927 3063 984 3122 iam
1003 3059 1088 3126 video
1108 3063 1200 3144 patris
1332 3063 1335 3071 '

484 3144 533 3207 Ad
555 3145 683 3206 dextram
703 3147 825 3224 positum
846 3142 916 3205 Dei.

400 3226 442 3290 At
462 3240 512 3302 tu,
535 3227 674 3302 Christe,
696 3229 762 3288 sinu
783 3227 897 3307 suscipe
918 3247 963 3288 me
982 3238 1048 3301 tuo,

483 3311 580 3392 Atque
600 3313 666 3385 bis,
690 3313 738 3390 qui
758 3310 885 3370 tenebris
906 3311 1036 3392 turpibus
1058 3309 1171 3385 obruti,

340 3399 381 3455 te
485 3396 551 3471 Quo
573 3413 639 3456 sese
661 3393 817 3475 impediant
839 3394 977 3470 erimine,
999 3415 1056 3456 nen
1076 3390 1192 3470 vident,
1218 3449 1221 3454 .

487 3479 604 3554 Quaeso
625 3489 674 3554 te,
696 3479 808 3540 veniam
831 3475 907 3540 datu.
1004 3527 1006 3536 s

357 3585 360 3590 ’
401 3561 531 3644 Simplex
552 3575 607 3624 ete.

215 3727 263 3776 oo
292 3799 294 3804 Ι
382 3711 440 3774 xr.
484 3712 531 3776 ur
549 3709 623 3773 nne
647 3711 680 3774 s.
704 3707 906 3774 nonensis
926 3708 1262 3776 EUANGELISTAE.

403 3825 532 3924 Christo
553 3881 622 3942 prae
643 3847 762 3940 reliquis
785 3881 869 3923 uanus
889 3845 1058 3942 Apostolis‚

486 3946 544 4022 Qui
565 3964 651 4024 supra
669 3943 786 4004 Domini
806 3956 904 4026 pectus
926 3947 956 4005 in
977 3945 1085 4024 ultionis

484 4029 678 4090 Diseumbens
702 4029 794 4108 epulis
817 4030 974 4110 composuit
994 4042 1114 4110 eaput,-

485 4112 578 4174 Festa
600 4112 664 4172 luce
686 4109 830 4172 canendus
852 4123 913 4182 est„

357 4201 378 4256 s
398 4189 507 4270 Felix,
529 4196 576 4257 eui
596 4193 738 4258 Dominus
759 4195 816 4256 iam
838 4193 933 4276 rigida
953 4197 984 4256 in
1005 4215 1090 4267 eruce

331 4381 361 4429 Χ.
375 4389 412 4427 ve.
426 4379 450 4428 8.
479 4379 534 4428 vtd.
548 4381 634 4427 notate
646 4377 679 4427 ed
692 4377 795 4428 luvenll.
810 4379 874 4428 vm.
889 4377 929 4427 eu.
957 4381 1049 4428 Nosse.
