2918 5076
229 233 301 318 tat
658 181 908 301 eutramnus
947 271 953 287 ‚

176 375 180 396 Ι
231 403 317 471 Adde
338 401 393 470 buc
412 397 663 486 chrysostomum,
678 401 732 484 ‘qui
752 401 782 462 iu
803 401 919 484 epistol.
935 397 973 466 sd
995 395 1193 484 lephstinis)
1213 400 1336 464 niteam

233 489 346 571 Ephesi
365 488 500 549 exulasse
520 494 550 545 et
566 495 707 556 mortuum
725 503 803 547 esso.
847 483 950 547 Itidem
964 485 1038 567 apud
1054 485 1244 566 sophronium
1261 485 1337 564 legi·

234 594 297 636 mus
312 591 375 636 eum
389 571 502 632 obiisse
515 565 600 630 ualde
616 588 726 630 senem.
759 565 863 632 Sedet
877 568 1022 632 Eusebius
1038 567 1210 630 Emissenus
1221 567 1281 650 aa)
1292 570 1334 630 in·

235 666 397 740 terpretans
420 653 508 716 verba
527 651 655 728 Christi,
679 671 752 734 quae
768 652 854 714 aliter
870 655 905 714 ab
923 653 989 714 aliis
1004 664 1120 734 accepta
1134 651 1208 716 bane
1223 653 1340 732 opinio·

237 758 304 804 mum
322 737 543 821 discrepantiam
565 735 739 800 effeceruuta
767 737 851 800 Hune
869 749 984 812 cutem,
1005 737 1115 818 inquit,
1138 737 1182 796 sie
1196 738 1261 811 polo
1275 755 1339 798 nua-

177 832 227 885 ett
239 843 328 898 ecre,
351 843 408 885 non
425 842 529 894 eruce,
551 841 608 883 non
627 821 824 902 persecutores
840 821 959 903 gludsb,
980 841 1038 884 noa
1052 821 1112 882 ulls
1124 821 1259 882 vrbhnts'u
1273 823 1339 882 voto

184 971 187 980 ,
238 927 302 970 ema
318 907 404 969 or‘tcm
415 905 528 986 statie,
556 903 609 965 sed
626 905 656 966 ia
672 923 748 984 pace
763 913 794 964 ct
811 905 904 982 pus‘ete
926 906 999 966 duem
1020 905 1148 966 ultimum
1167 905 1336 964 terminare.

238 989 321 1054 Beda
338 1008 448 1072 quoque
465 987 563 1048 eadem
585 971 635 1048 ilia
650 987 739 1049 verba
759 987 925 1068 explicansa
954 989 1020 1050 Non
1036 995 1128 1066 ergo,
1150 987 1261 1066 iuquit,
1280 1008 1339 1068 pu·

240 1074 357 1139 tandum
370 1083 424 1145 est,
448 1071 524 1154 quod
536 1073 693 1152 usurpatus
703 1073 751 1132 t'lle
765 1090 822 1132 non
836 1075 877 1134 sit
888 1081 1018 1136 mortuus
1034 1072 1063 1132 in
1080 1090 1181 1142 carne,
1203 1073 1272 1150 puris
1285 1091 1340 1132 uec

240 1159 378 1222 Domt'rsus
396 1158 451 1216 hoe
468 1157 504 1216 de
525 1157 574 1218 illo
586 1153 725 1236 sutorum
741 1150 912 1234 proedrlct'ts'
948 1151 1083 1225 Putidum
1106 1152 1220 1214 videtur
1227 1193 1239 1226 ,
1273 1173 1339 1214 cum

240 1251 285 1303 tot
299 1235 408 1322 pridiae
426 1237 529 1300 classis
546 1249 679 1299 auctores
691 1235 878 1314 laudaverim,
901 1237 975 1302 alios
989 1256 1099 1319 quoque
1114 1237 1253 1297 minorum
1268 1257 1340 1318 gen·
1422 1299 1423 1302 ,

240 1325 311 1388 tium
329 1335 360 1385 et
378 1319 540 1394 secundae,
562 1332 594 1382 ut
609 1323 650 1382 ita
665 1319 777 1394 dicam,
800 1321 885 1382 notae
906 1318 1046 1395 adiicere,
1069 1321 1205 1380 Ottonem
1222 1319 1340 1385 Frisiu-

208 1457 213 1479 .
242 1427 372 1489 gessem,
396 1403 589 1467 Gottifredum
605 1405 833 1478 viterbiensem,
851 1404 1004 1466 Aimonem
1024 1415 1054 1466 et
1072 1397 1234 1464 tutmnoti
1250 1404 1338 1477 alios,

243 1507 314 1573 quos
336 1490 490 1572 quamlibet
516 1489 619 1550 multos
646 1508 818 1550 coacervare
848 1489 921 1552 nibil
943 1489 1053 1568 negotii
1070 1487 1183 1553 sunit:
1212 1497 1263 1548 aut
1284 1489 1341 1550 hoc

241 1576 358 1639 testium
382 1575 535 1646 salisam,
559 1583 608 1632 aut
628 1594 685 1633 non
702 1569 787 1635 video
810 1572 877 1654 quid
898 1573 937 1634 sit
953 1573 1038 1634 satis.
1081 1571 1339 1650 Ambrostnsttt)

241 1659 284 1721 ait
299 1656 434 1739 quosdam
456 1655 491 1718 de
512 1656 590 1718 illius
604 1667 697 1716 morte
711 1654 853 1730 dubitare,
877 1657 940 1739 ipse
959 1667 1105 1724 tamense
1125 1654 1258 1716 dubitare
1281 1675 1341 1718 nom

241 1739 379 1804 ostendit.
422 1739 641 1824 Euthymius†)
658 1758 769 1821 quoque
785 1744 901 1822 exponit
918 1743 1087 1801 sententiam
1100 1759 1218 1810 eorum,
1240 1740 1290 1820 qui
1304 1740 1341 1799 il·

242 1825 299 1886 lum
316 1833 467 1886 'mortuum
494 1825 619 1903 negant3
641 1819 693 1884 sed
711 1843 761 1883 eos
779 1825 821 1884 ait
836 1825 872 1884 iu
891 1843 992 1886 errore
1009 1823 1131 1908 versari.
1176 1821 1341 1904 Nicephori

241 1907 357 1970 Callisti
374 1907 527 1989 peculiaris
543 1905 681 1987 quaedam
693 1909 791 1987 opinio
808 1919 871 1980 est,
895 1919 1035 1968 mortuum
1051 1905 1165 1988 quidem
1178 1925 1243 1968 esse
1261 1927 1340 1979 eum,

242 1991 296 2054 sed
314 1993 410 2052 statim
432 1993 585 2053 revixisse.
595 1988 658 2076 ·1·†)
701 1991 760 2065 Qui
778 2003 871 2054 autem
888 2001 1007 2072 putant,
1033 2011 1097 2052 eum
1113 2011 1176 2050 cum
1190 1987 1293 2051 Enoch
1312 2002 1343 2052 et

242 2075 467 2149 Baliarium,
492 2085 521 2135 et
543 2085 600 2134 tam
620 2075 707 2134 multa
729 2072 763 2136 de
787 2076 838 2136 illo
858 2073 1019 2136 admirabili
1040 2074 1159 2155 pulvere
1175 2073 1341 2153 loquuntur,

243 2159 358 2232 nullos,
379 2168 412 2218 ut
429 2161 542 2240 opinor,
566 2157 701 2218 meliores
719 2169 851 2220 auctores
867 2157 971 2232 babent
985 2177 1066 2238 qnam
1083 2159 1228 2220 Simonem
1244 2157 1343 2220 Meta·
1440 2173 1441 2184 ¹

243 2239 409 2326 phrastem,
432 2241 575 2302 isidorum
593 2241 797 2323 Hispaleusem
807 2241 895 2326 †·J·†)
914 2252 959 2314 et,
983 2242 1009 2302 si
1025 2241 1120 2316 forte,
1145 2238 1274 2302 eiusdem
1292 2263 1343 2304 or-

244 2325 322 2388 dinis
348 2327 441 2400 alios,
464 2345 534 2406 quos
558 2334 591 2384 ut
612 2346 669 2384 non
694 2335 861 2398 contemno,
885 2327 927 2386 ita
947 2344 1018 2405 quos
1034 2344 1158 2406 sequor,
1181 2343 1233 2386 eos
1254 2327 1344 2388 multo

243 2410 335 2494 pluris
352 2409 439 2469 lario.
484 2406 544 2469 Sed
563 2418 612 2468 aut
626 2408 662 2468 de
678 2408 732 2468 bac
746 2428 779 2468 re
794 2407 904 2469 abunde
920 2407 1024 2482 dictum
1041 2421 1098 2481 est,
1116 2419 1166 2468 aut
1180 2407 1209 2467 in
1221 2409 1343 2472 alterius

264 2493 423 2554 uaestionis
445 2488 616 2552 mactatione
635 2491 707 2564 baec
728 2512 839 2574 quoque
862 2493 970 2554 certius
992 2493 1200 2571 intelligentur.
1247 2493 1343 2569 Quam

244 2513 294 2638 diu
318 2577 409 2657 igitur
431 2576 555 2647 vixerit,
579 2584 609 2635 et
626 2573 738 2655 qnando
751 2574 795 2648 ,ad
818 2595 899 2648 eum,
924 2577 970 2636 cui
992 2571 1142 2656 tantopere
1162 2597 1246 2638 carus
1266 2589 1341 2651 erat,

244 2661 414 2742 migraverit
429 2657 476 2720 bie
492 2658 580 2718 divini
595 2660 677 2719 verbi
692 2661 891 2720 sanctissimus
907 2677 1011 2738 praeco
1020 2703 1031 2733 ,
1055 2680 1157 2739 magna
1172 2661 1249 2720 inter
1268 2663 1344 2724 scri·

173 2771 175 2779 ⁴
244 2755 343 2826 ptores
364 2739 562 2804 controversis
583 2753 640 2803 est.
685 2740 809 2818 ¹Quidam
828 2741 864 2805 de
881 2743 972 2824 ipsius
994 2755 1087 2805 aetate
1103 2743 1175 2803 nibil
1190 2741 1340 2820 deliniunt,

128 2888 130 2896 s
184 2899 186 2904 .
246 2827 298 2890 sed
315 2823 838 2909 tantumvixisseeumdicuutusqne
856 2825 1053 2906 adimperium
1068 2827 1198 2890 Traiani.
1243 2829 1342 2889 lnbis

246 2921 293 2972 est
307 2909 452 2972 Eusebius
469 2907 723 2992 Caesarienstat)
754 2910 823 2971 Otto
836 2909 1110 2992 Erisingensis,**)
1129 2909 1342 2994 Reginam)

245 2991 430 3076 Nicephorus
446 2991 637 3076 Callistus,†)
652 2993 832 3058 Gottifrcdus
847 2993 1138 3072 viterbienstsfftt)
1159 2993 1341 3076 Ereeulpbus

135 3097 137 3104 ⁴
246 3073 459 3150 Lexoviensis,
485 3077 533 3157 qui
552 3087 645 3136 tamen
665 3076 719 3138 boc
736 3075 831 3152 addit,
856 3097 919 3138 eum
934 3078 1043 3139 obiisse
1060 3098 1134 3138 anno
1148 3090 1215 3158 post
1228 3077 1342 3145 Christi

247 3171 367 3224 mortem
392 3161 573 3240 sexagesimo
598 3160 809 3246 septimo:††)
838 3172 868 3222 ot
890 3171 969 3221 certe
984 3182 1002 3222 a
1018 3159 1130 3223 Christi
1145 3174 1236 3244 morte
1252 3183 1345 3246 usque

243 3295 529 3325 ῌ-ιι-η--ι-ι-ι

304 3375 338 3432 b)
353 3375 414 3432 opp.
427 3377 497 3426 'tom
510 3375 552 3422 XL
565 3385 622 3431 pas.
638 3375 661 3424 1.
676 3376 713 3424 et
727 3375 813 3426 ticum.
841 3380 888 3426 rs.

303 3449 358 3506 aa)
372 3451 416 3496 uu.
430 3449 509 3496 rurs.
524 3448 562 3506 (a
579 3449 648 3497 rata.
662 3449 701 3506 s.)
716 3451 756 3498 m.
770 3452 793 3496 n.
821 3454 867 3498 ra.
942 3459 945 3464 ·

303 3521 375 3578 uus)
394 3524 505 3568 enarrat.
525 3522 551 3567 tu
564 3523 656 3570 Psatm.
672 3523 823 3575 neumam
839 3525 877 3574 au.
891 3533 948 3586 m.
963 3525 1001 3574 ed.
1019 3521 1100 3574 Perta.
1116 3523 1186 3574 rust
1205 3525 1341 3575 comment.

246 3577 274 3626 tm
287 3581 379 3634 tuane.
395 3579 452 3625 huo.
468 3589 521 3634 esp.
535 3579 559 3624 e.
575 3586 630 3635 pag.
647 3579 701 3627 ttt).
729 3583 774 3628 rs.

265 3663 268 3668 ¹
303 3649 340 3712 ⁴⁰
355 3651 417 3698 ⁸¹³¹·
429 3653 496 3700 ΡΨ·
511 3655 578 3698 ³¹²¹·
595 3653 664 3703 rom
678 3655 741 3702 x1¹¹·
756 3663 813 3710 ms.
827 3645 883 3702 rat.
911 3657 958 3704 rs.

304 3719 361 3785 tr)
375 3725 438 3770 tttst
453 3725 546 3772 naum.
560 3725 602 3772 na.
617 3721 647 3772 nr,
662 3736 714 3782 aa,
728 3727 768 3773 4„
783 3729 847 3773 extr.
875 3729 920 3777 h
998 3721 1001 3734 .

303 3793 381 3857 †††)
395 3799 433 3842 lte
452 3797 505 3844 vita
522 3802 548 3845 st
566 3793 643 3846 morte
658 3801 766 3847 haumar.
782 3801 820 3847 ue.
836 3789 897 3855 Ope.
911 3811 967 3858 pag,
981 3800 1036 3850 ³86.
1051 3800 1089 3846 eh
1104 3799 1189 3861 Coton.
1205 3801 1276 3850 tert.
1303 3803 1344 3850 lte

245 3849 360 3900 fllmsoac
374 3857 556 3916 metaphrasta,
572 3857 621 3902 vld.
637 3857 765 3904 oseumem
781 3857 819 3904 stt.
834 3857 915 3906 eum.
929 3859 967 3917 (e
983 3857 1069 3916 1631.)
1082 3867 1138 3916 pes.
1153 3859 1210 3906 ebt.
1237 3861 1284 3907 riu.

301 3923 336 3982 a)
350 3925 414 3973 illst.
428 3929 522 3976 ledes.
537 3931 580 3975 nt.
595 3930 635 3976 ²³.
663 3933 726 3980 η’

301 3993 355 4055 ss)
369 4000 459 4047 Annei.
474 4003 515 4049 m.
530 4001 569 4050 ss.
598 4003 644 4050 fs.

247 4072 374 4185 „⁸:ae
386 4073 544 4177 ἭΡΜΜ.
558 4076 674 4134 emissor.
688 4077 746 4126 Ror-
762 4077 842 4125 (iem.
862 4076 930 4124 Echi.
944 4077 963 4125 Ι.
982 4085 1039 4134 Μ.
1052 4077 1076 4126 6.
1091 4079 1175 4128 suun.
1189 4080 1215 4127 ot
1229 4079 1298 4127 Eum.
1309 4081 1343 4127 m.

303 4197 339 4261 ³5)
354 4201 412 4250 vlt.
426 4204 473 4253 loa
487 4213 562 4260 supra
575 4205 641 4251 laud
670 4208 716 4254 rs.

244 4272 484 4390 “wlpianum
499 4279 567 4325 rom
581 4281 611 4325 n.
625 4277 667 4326 rra.
682 4279 713 4328 rr.
727 4289 781 4343 aas.
794 4279 819 4328 s.
833 4279 874 4339 (m
888 4237 1032 4332 statuto.
1042 4283 1111 4331 uu„
1125 4284 1193 4330 rom
1205 4283 1269 4332 xcv.
1283 4292 1343 4340 aaa
1362 4340 1366 4348 ,
