2960 5070
371 227 376 256 Ι
430 277 860 396 exammanda.

336 463 429 526 Tuum
451 463 526 535 mel,
547 463 763 536 mesaraicas,
785 473 863 524 tnurn
884 463 957 526 cor'l

294 545 298 564 '
337 545 385 608 En
405 565 451 607 nnc
459 545 550 628 (nam
571 557 619 604 tuo
638 543 714 628 sum)
734 548 884 638 suaviore,

260 678 262 686 .
336 627 383 690 En
405 628 478 689 bace
498 629 617 690 ubera
607 646 663 688 ram
683 639 793 690 retecta
814 647 917 704 cerne,

338 713 422 788 Quae
443 731 496 792 per
515 725 544 773 tc
564 710 633 771 mibi
654 695 805 790 primulum
825 723 1000 788 tumescunt,
1055 739 1063 761 s

336 794 486 856 obiectam
507 805 539 856 et
559 794 616 854 sibi
638 794 756 854 fasciam
778 796 929 876 repellunt.

287 907 290 918 ·
337 878 404 953 Quo
426 888 479 949 tu,
504 897 559 958 quo
579 875 681 950 modo,
705 877 845 951 delicato,
868 881 991 960 pergis?
1072 893 1074 897 ’

282 993 285 1004 ι
336 960 402 1036 Quo
426 959 518 1020 trudis
541 960 646 1038 digitos
670 960 754 1020 nimis
778 960 933 1022 salaces?

333 1045 386 1106 Sic
408 1063 480 1115 nus,
504 1043 548 1104 sic
569 1061 640 1122 age,
663 1040 728 1103 dum
749 1045 873 1104 viremus
897 1045 999 1122 ambe,

333 1125 410 1187 Dum
433 1145 480 1187 reu
503 1125 539 1186 ad
559 1126 687 1188 Veneris
702 1126 839 1187 valemus
855 1127 955 1203 ambo,

334 1209 382 1270 Ne
405 1210 512 1271 frustra
532 1209 635 1269 melior
654 1219 764 1269 teratur
785 1221 881 1283 actas,

333 1292 497 1364 Ludamus,
520 1311 583 1351 moa
603 1291 753 1370 Margari,
779 1304 808 1353 et
827 1294 963 1356 locemur.

333 1377 432 1454 Tango
452 1373 554 1435 debilis
576 1375 704 1434 imminet
718 1379 867 1436 senectus.

333 1459 417 1534 Quae
437 1477 500 1518 cunt
520 1457 649 1530 venerit,
671 1456 709 1516 ab
729 1456 830 1531 dolor,
851 1459 999 1536 columba,

332 1540 397 1602 Nos
419 1541 507 1600 tussis
530 1540 604 1599 mala
625 1540 785 1620 viriumque
804 1541 924 1620 languor

333 1623 393 1684 Pro
414 1622 543 1704 ludisque
563 1623 692 1704 iocisque
713 1634 932 1703 consequentur.

403 1786 520 1851 XXIV.
563 1784 640 1849 AD
674 1785 931 1850 PAULAM.

248 1891 351 1981 Basia
371 1917 444 2000 quod
464 1919 537 1979 libas
559 1916 670 1998 cupidis
692 1917 835 1986 luctantia
848 1920 973 2000 linguis,

332 2003 394 2062 Res
416 2003 487 2062 satis
512 1999 607 2062 ardori
628 2022 684 2060 non
705 2003 776 2061 lacit
795 2003 852 2062 ista
875 2024 949 2064 mco.

185 2098 187 2106 ’
250 2085 334 2164 Quod
356 2105 419 2146 mea
437 2085 512 2144 colla
532 2095 632 2144 tenens
654 2083 782 2157 blandis,
805 2087 956 2165 resupina,
980 2087 1114 2164 lacertis,

332 2168 386 2229 Me
408 2166 480 2227 dicis
502 2168 588 2228 vitum
610 2165 785 2246 deliciasque
806 2177 888 2241 tuas,

206 2253 315 2316 blloc
335 2251 408 2312 nihil
429 2261 485 2311 est.
528 2249 615 2309 Dulci
636 2250 763 2311 Veneris
782 2248 818 2310 de
839 2262 972 2324 nectare,
994 2250 1102 2328 Paula,

332 2335 394 2396 Aut
414 2334 492 2394 nulla
512 2343 561 2393 aut
582 2333 681 2441 quinta
701 2331 738 2392 da
760 2330 829 2393 mibi
850 2343 932 2414 partu
952 2293 1021 2396 t’rui.

164 2501 266 2564 xxv
324 2498 380 2561 An
407 2495 542 2560 Annua
569 2495 733 2560 nnocun
760 2497 932 2562 rosruus
960 2499 1014 2560 on
1041 2431 1173 2576 moute

206 2599 347 2664 NOCTU
375 2597 609 2677 Qulttscnxu
637 2597 727 2674 NON
753 2594 922 2661 VALENS
949 2599 1132 2666 MORTEM

554 2696 787 2760 PRECATUR.

246 2799 315 2893 Iam
334 2829 429 2894 tacitis
450 2829 530 2892 caelo
553 2830 703 2892 volvuntur
723 2830 891 2891 tractibus
882 2849 985 2910 agnes,

332 2911 457 2992 Altaque
479 2923 610 2972 rorantes
630 2911 718 2974 Delia
738 2909 829 2973 lle'c'tit
849 2933 948 2991 equos

248 2997 310 3058 lam
330 2994 522 3076 pecudumque
543 3006 641 3074 atque
648 2995 764 3056 alituum
786 3015 876 3075 genus
897 3015 979 3056 omne
997 2998 1191 3096 ferarumque,
1255 3034 1257 3038 ·

333 3077 374 3138 Et
394 3089 529 3163 quotquot
549 3067 655 3160 liquido
674 3097 813 3138 marmore
833 3089 961 3152 monstra
980 3081 1084 3156 silent,

209 3169 229 3224 ll
250 3147 372 3225 Somnus
393 3161 496 3233 babet,
520 3155 660 3242 dubioque
681 3172 780 3221 natans
801 3162 960 3241 perinane
981 3164 1095 3237 volatu,

334 3244 468 3310 Membra
491 3247 657 3325 papavereis
678 3246 764 3305 illinit
783 3243 966 3322 unguinibus.

251 3329 297 3390 Tc
318 3327 426 3400 solum,
449 3327 584 3401 Murete,
606 3329 699 3408 fugit:
722 3328 774 3387 tibi
796 3347 865 3387 cura
885 3347 1036 3389 recursans
1087 3359 1090 3366 ·

336 3411 385 3471 Irc
406 3409 484 3470 iubet
504 3410 580 3470 lento
603 3421 731 3490 tempora
753 3421 862 3470 moesta
883 3409 984 3488 gradu

216 3529 218 3540 ι
252 3493 279 3554 Ο
303 3494 430 3553 caelum!
454 3513 471 3552 o
493 3495 581 3554 certis
605 3495 704 3573 agitati
725 3493 837 3572 legibus
858 3492 965 3566 orbos,
1075 3498 1078 3505 “

193 3579 234 3639 tu
336 3574 463 3636 Cuilibet
482 3595 518 3637 ex
539 3587 602 3636 ortu
623 3577 671 3656 qui
692 3597 744 3636 sua
766 3577 824 3636 fatu
845 3573 940 3636 datis!

251 3656 415 3720 Extinctum
435 3661 518 3720 totius
541 3660 645 3719 sitlos
666 3659 845 3719 occumbere.
889 3657 949 3717 laur
971 3676 1033 3718 sum

335 3741 402 3807 Non
425 3758 497 3821 ego,
520 3741 572 3802 sed
591 3754 696 3804 tantum
718 3742 847 3823 corporis
867 3741 966 3801 umbra
985 3739 1052 3800 mei.

384 3905 501 3970 xxvt.
553 3907 613 3969 IN
649 3903 953 3971 VENEREM.

253 4007 295 4099 Si
315 4038 435 4118 Venus,
458 4050 490 4100 nt
512 4039 631 4100 mendax
650 4037 808 4100 docuerunt
827 4036 927 4109 turba,
951 4038 1070 4116 poe'tae,

336 4119 385 4183 De
406 4082 507 4184 rniodiis
528 4143 597 4183 vere
617 4132 683 4182 nata
704 4133 818 4204 putatur
836 4121 935 4200 aquis,

127 4262 129 4271 ,
254 4203 313 4278 Qui
334 4203 397 4265 lieri
419 4207 494 4286 potis
517 4217 579 4278 est,
602 4204 704 4266 mediis
725 4217 758 4266 ut
777 4205 909 4267 ductibus
931 4210 995 4260 orta

187 4375 260 4424 XXV·
275 4387 313 4424 vs.
327 4379 351 4426 θ.
379 4378 484 4426 altimum.
513 4375 550 4426 cf.
564 4377 631 4434 virg.
645 4377 709 4464 Aen.
723 4378 787 4444 Vm.
802 4377 842 4424 17.
870 4377 916 4422 Fa.
948 4424 992 4493 18
1002 4411 1024 4468 ᾖ
1123 4415 1125 4422 Α
1229 4377 1231 4384 “
