2960 5070
235 239 307 362 ‘204
629 283 909 394 'luvuuurunt
962 285 986 368 ᾗ
1054 307 1057 312 ·

409 449 477 519 Non
497 456 601 517 nimum
620 445 689 518 uitis
713 458 841 538 Pressius
861 456 921 516 nilo
939 460 1032 516 tenet.

327 539 409 604 Tunc
432 559 495 601 mea
514 538 671 618 turgidulos
693 551 831 602 tractaret
852 539 952 600 dextro
970 537 1109 619 papillas,

411 624 584 685 Tractarent
603 621 704 684 avidum
723 625 816 685 lactea
837 624 911 684 colle
931 642 1041 694 monus.

330 705 432 786 Longa
454 716 569 777 vetant,
591 705 683 778 eheu,
706 707 799 786 spotia
820 706 972 766 interiecta
995 705 1123 777 viarum,

268 794 310 853 20
414 788 527 865 Quanto
548 787 685 870 Hypanin
707 789 757 850 vix
778 800 843 850 sunt
862 791 939 848 inter
959 797 989 848 et
1008 787 1188 850 Eridanum

330 873 406 936 Nem
428 883 458 932 tc
477 871 644 931 Pictonicoe
664 873 790 933 retinent
810 873 907 932 felicio
927 883 1023 951 terrae
1137 869 1140 884 '

415 953 547 1034 Oppida,
568 973 623 1032 qun
645 951 752 1015 Clonus
773 955 891 1035 pinguia
911 955 986 1023 culte
1006 966 1103 1027 scootg

330 1036 384 1101 Me
403 1057 473 1098 vero
493 1036 618 1099 invidiae
637 1038 736 1118 procul
757 1048 822 1098 ate
845 1038 975 1098 dentibus
997 1049 1091 1100 ectum
1146 1040 1169 1060 ”

414 1121 517 1182 Fortia
539 1121 652 1181 lunatae
673 1123 785 1180 moenia
806 1119 1000 1200 Burdigalae,
1094 1114 1096 1122 ⁴

269 1208 310 1265 ΩΒ
329 1197 437 1266 Pocula
458 1223 512 1282 qun
532 1204 624 1264 veteri
647 1223 701 1264 non
723 1204 861 1278 inferiore
875 1203 1003 1264 Falerno

254 1295 261 1304 “
316 1293 318 1298 ’
415 1286 504 1348 Ducit
523 1287 559 1346 ab
582 1287 739 1366 innumeris
761 1287 859 1366 glarea
878 1288 947 1346 trito
967 1285 1056 1346 rotisr
1083 1333 1088 1340 .

330 1368 373 1432 Et
394 1380 505 1442 nmen,
527 1369 601 1442 heu,
625 1371 687 1430 sine
708 1381 736 1429 te
757 1371 825 1430 mihi
847 1372 903 1429 iam
925 1387 978 1430 nee
998 1367 1093 1428 dulcio
1114 1367 1199 1442 rino,

413 1453 525 1514 Tristia
543 1472 597 1512 nec
617 1450 751 1532 quidquid
771 1449 858 1514 corde
879 1453 976 1513 levore
997 1450 1091 1511 solete
1191 1495 1202 1502 .

255 1567 257 1574 v
331 1533 399 1616 lpse
419 1536 488 1595 mihi
509 1547 554 1596 est
573 1537 667 1595 invisa
686 1534 766 1608 dies,
789 1536 840 1598 Sol
861 1536 924 1616 ipse
943 1533 1057 1596 videtur

267 1622 312 1678 ὅθ
414 1616 559 1698 Opposito'
577 1619 670 1678 vultus
692 1616 798 1679 obdere
818 1619 892 1678 nube
915 1638 994 1678 suos.
1028 1631 1033 1638 “
1159 1675 1166 1682 .

328 1699 373 1763 Et
393 1701 514 1774 merito,
538 1698 604 1780 quid
626 1702 701 1761 enim
722 1701 785 1762 sine
807 1711 837 1760 to
857 1721 912 1762 non
933 1705 1017 1762 triete
1035 1696 1185 1779 putendum
1208 1707 1269 1770 est,

415 1782 480 1859 Qun
501 1783 564 1843 sino
584 1784 631 1844 vel
651 1785 711 1845 vitu
731 1795 777 1843 ost
797 1785 861 1862 ipen
885 1785 1002 1858 molesto
1023 1781 1116 1842 mitit
1206 1811 1208 1818 ·

330 1864 358 1926 0
379 1863 438 1938 Di,
463 1867 489 1926 si
512 1866 634 1926 miseros
657 1878 781 1928 restrum
805 1867 883 1927 fovet
903 1867 976 1926 uitur
999 1873 1145 1936 ementes,

269 2019 271 2022 ,
412 1948 477 2012 Vos
500 1947 612 2008 modom
634 1949 735 2010 faciles
754 1951 784 2009 in
807 1970 869 2010 meo
888 1961 954 2010 voto
975 1947 1057 2008 dote:

268 2036 310 2094 58
328 2030 451 2094 Reddite
474 2051 519 2092 me
539 2031 687 2106 dominre,
709 2033 754 2094 vel
776 2033 802 2092 si
823 2031 854 2092 id
873 2053 925 2113 per
944 2033 1004 2092 fate
1021 2041 1160 2111 negetur,

413 2112 515 2198 Finiat
533 2134 657 2196 angores
679 2135 734 2178 nex
756 2117 872 2198 inopino
890 2133 981 2177 meos.
1160 2147 1162 2153 s

113 2301 118 2308 ·
186 2317 250 2367 on.
434 2267 458 2288 ”
499 2295 587 2360 vtu.
629 2295 825 2360 renero
852 2294 1083 2362 snrrrun.

360 2511 398 2574 P.
442 2413 851 2576 GRUSELIAUIdti
895 2512 1222 2588 MEDICUM.

328 2628 417 2713 Dum
439 2654 470 2704 tu
491 2644 604 2704 coneris
624 2642 780 2706 Par-comm
802 2645 955 2707 extendere
977 2647 1042 2723 tta,

415 2727 580 2790 Semineces
602 2727 658 2788 luci
679 2731 865 2810 restituisque
886 2733 982 2804 viros,

330 2804 520 2874 Conclamata*
533 2831 633 2884 nouam
655 2813 769 2872 mittens
790 2814 820 2878 in
841 2833 961 2893 corporo
982 2813 1087 2888 vitum,
1112 2838 1118 2842 ·

414 2894 511 2974 Atque
529 2892 676 2955 Charonta
696 2896 753 2956 levi
767 2915 892 2976 ¹currere
913 2916 985 2957 navo
1006 2895 1125 2970 iubens,

269 2981 290 3038 d
331 2976 447 3040 interca
469 2997 524 3056 quo
546 2997 608 3050 me,
633 2976 748 3050 Cruseii
770 2978 873 3051 docte,
895 2990 1010 3061 putares

414 3059 562 3120 Ducentos
584 3061 647 3120 sine
668 3071 697 3121 te
720 3060 820 3122 fellere
841 3081 920 3122 more
941 3061 1027 3122 dies?

330 3143 470 3216 Scilicet,
493 3152 524 3201 ut
545 3160 674 3222 semper,
698 3155 812 3204 nostros
835 3145 973 3224 agitemus
995 3165 1139 3222 amores,

414 3226 479 3300 Quo
499 3226 575 3286 vitoe
597 3227 679 3298 nobis
702 3228 763 3287 sole
783 3226 902 3288 terendo
921 3231 969 3288 via
990 3240 1051 3289 ests
1084 3238 1088 3247 “

288 3315 300 3358 ί
330 3305 371 3368 Et
389 3305 471 3368 modo
485 3306 659 3383 damnemus,
673 3311 758 3372 toties
775 3330 856 3389 quern
873 3313 1026 3385 sensimus,
1042 3333 1151 3388 arcum,

140 3394 149 3403 ‘
267 3393 308 3450 to
408 3391 493 3451 Nunc
515 3390 551 3456 de
571 3392 679 3452 crudeli
701 3395 899 3474 conquerimur
921 3393 1050 3470 domine,

297 3495 300 3499 ·
329 3471 435 3546 Nunc,
462 3494 516 3554 que
537 3475 643 3557 placeri
665 3479 758 3556 possit
778 3478 906 3551 ratione,
929 3471 1081 3558 rogemus:

357 3563 361 3568 '
416 3556 521 3618 Omnia
542 3577 613 3638 quae
635 3561 727 3640 quivis
749 3571 840 3620 motus
862 3581 958 3622 amore
979 3561 1064 3624 solet.

329 3637 412 3700 Hocc
429 3659 491 3700 meu
507 3640 580 3714 inus,
597 3641 667 3702 hacc
683 3645 741 3702 sint
756 3644 849 3703 famae
865 3645 1017 3726 praeconia
1031 3653 1165 3706 nostrnes
1195 3674 1198 3681 ¹

412 3723 478 3784 Non
501 3723 558 3782 alio
580 3723 615 3783 nd
636 3739 732 3786 mones
755 3728 868 3786 nomine
889 3737 971 3786 notus
995 3747 1075 3787 eamr

269 3807 308 3864 iii
328 3803 371 3864 Ut
391 3803 528 3886 quondam
549 3806 660 3867 iuvenis
683 3809 741 3867 telo
761 3829 913 3888 percussus
935 3807 1052 3882 eodem,

311 3891 313 3895 '
413 3886 478 3963 Quo
500 3908 570 3960 uos,
591 3888 707 3952 assidue
727 3894 852 3952 carmine
874 3905 972 3952 nostro
992 3893 1086 3972 leget,

327 3966 531 4048 Agnoscatque
552 3992 618 4034 suos
640 3976 746 4035 nostris
769 3977 798 4035 in
821 3976 950 4036 versibus
972 3976 1073 4054 ignes,
1103 3993 1105 3998 ·

171 4115 176 4131 .
412 4051 615 4136 Reddunturque
636 4059 706 4118 meis
727 4059 839 4120 cautior
859 4060 922 4140 ipse
944 4059 1037 4120 metis.

173 4185 176 4192 ,
284 4152 286 4158 ’
327 4133 373 4194 Tu
392 4137 439 4195 eui
461 4137 615 4218 fotipotens
636 4152 726 4200 artem
746 4144 894 4221 ‚concessit
915 4141 1039 4226 Apollo,

264 4215 306 4272 20
410 4219 580 4282 Morborum
598 4223 666 4304 peili
687 4241 742 4303 qno
762 4243 853 4302 genus
875 4245 958 4284 omne
980 4235 1080 4306 quent,
1129 4285 1139 4296 ,

242 4322 527 4348 nunquan—...a-

195 4375 197 4377 ’
247 4407 255 4422 ,
301 4372 364 4421 vm.
381 4383 419 4423 re.
434 4375 472 4424 19.
499 4374 628 4434 {montone
640 4378 1004 4429 nnnmmonroooounm
1031 4382 1138 4432 Nous.-
