2960 5070
161 251 166 262 “
270 273 356 352 opp
688 269 803 338 emm
827 267 947 338 rursu

546 355 556 388 l

366 447 503 529 Ingentes
522 454 581 506 toto
602 429 777 533 compescuit
789 441 865 520 ¹orlte
887 442 1039 516 tumultus,

449 529 490 590 Et
511 524 623 609 placido
643 545 729 604 reges
750 524 869 586 loedere
889 529 1065 607 composuit,

365 615 508 678 Hortetus
529 612 633 676 bellum
656 608 767 669 Christi
789 621 957 671 convertere
977 613 1007 672 ln
1030 612 1145 688 hostes,

303 703 345 760 20
447 694 544 776 Atque
564 693 667 755 Asiam
689 693 803 764 illorum
825 693 954 754 faucibus
976 695 1106 774 eripere:

365 780 416 844 At
436 800 508 861 quae
529 797 561 839 se
582 778 736 856 aceingeus
760 783 863 856 magno
885 779 1030 838 molimine
1051 777 1172 860 coepta,

451 855 546 924 Multa
566 861 648 922 bonis
671 861 779 920 frustra
798 861 948 934 flentibus,
971 861 1120 932 occubuit,

215 959 265 1009 tet
366 947 481 1011 Forsan
503 957 533 1007 et
553 945 626 1006 hane
647 943 795 1016 Christus,
818 943 959 1025 Princeps
980 956 1027 1018 ter
1047 947 1181 1021 maxime,
1204 945 1324 1010 laudem

451 1031 600 1092 Servatum
622 1028 652 1088 in
672 1038 782 1107 tempus
804 1025 916 1090 distulit
935 1041 1140 1108 usque'tuum„
1201 1033 1229 1085 .“
1347 1037 1350 1046 “

304 1121 344 1180 tu
366 1115 507 1180 'l'hraeius
528 1122 560 1171 ut
581 1109 694 1170 tandem
717 1113 812 1192 posita
832 1112 947 1175 feritate
968 1123 1107 1194 tyrannus

328 1263 332 1274 ¹
451 1197 536 1258 Colla
554 1196 612 1254 tuis
633 1194 708 1254 ultro
730 1195 864 1255 subiiciat
883 1194 1014 1276 pedihus.

254 1336 261 1350 ,
367 1283 395 1345 0
417 1283 457 1344 ita
476 1281 531 1340 sita
555 1278 732 1356 cumuletque
750 1289 814 1339 tuas
836 1280 907 1338 lraec
929 1280 1021 1357 gloria
1043 1278 1161 1355 laudes3

312 1369 314 1378 '
453 1363 590 1442 Gregorii
612 1362 659 1422 lule
681 1361 772 1421 titulis
793 1360 945 1424 adiicietur
965 1362 1076 1424 honos-l

367 1448 482 1511 Interea
503 1447 575 1519 lraeo
597 1443 709 1526 placido
730 1445 808 1506 vultu
829 1465 900 1525 cape
921 1465 1056 1519 munera,
1081 1447 1182 1524 eique,

305 1538 347 1604 50
452 1531 510 1606 Qui
531 1529 584 1589 tibi
606 1529 774 1588 summissus
795 1530 925 1610 porrigit„
939 1530 1008 1602 illa,
1031 1531 1108 1589 fatre.

367 1616 422 1680 Ille
443 1615 511 1686 Pii,
534 1622 567 1672 ut
587 1613 682 1684 nosti,
705 1631 796 1691 genus
819 1613 876 1672 alto
899 1633 915 1672 e
938 1615 1078 1690 sauguine
1098 1611 1194 1685 slueit;
1302 1671 1306 1679 ,

451 1696 516 1757 Nec
537 1695 610 1755 vixit
627 1696 732 1775 priscis
753 1695 920 1755 inficiandus
944 1697 1023 1756 avis:

348 1781 499 1844 ‚Plurima
519 1778 570 1840 sed
592 1789 719 1856 traetpos
742 1780 912 1839 eumenium
934 1797 1067 1852 munera,
1091 1797 1204 1860 semper

452 1865 493 1926 Se
514 1863 604 1942 culpis
627 1873 770 1942 expertem
793 1863 922 1922 omnibus
944 1863 1082 1924 exhibuit·
1148 1887 1155 1900 ·

306 1955 346 2012 55
367 1947 452 2012 Nune
474 1957 575 2007 exacta
594 1957 694 2006 aetate
710 1944 780 2005 illud
803 1946 860 2006 sibi
883 1947 1006 2025 postulat
1027 1966 1129 2020 unum,

452 2031 494 2093 Ut
514 2051 547 2092 se
567 2028 642 2091 haud
662 2031 805 2110 ingratum
825 2032 931 2091 sentiat
952 2049 1019 2090 esse
1039 2030 1103 2089 tibi.

308 2253 327 2269 ,,
423 2195 540 2260 XLIII.
570 2193 649 2257 AB
677 2195 916 2258 DOMINUM
944 2193 1245 2259 ZAMOSCIUM
1289 2251 1291 2254 .

559 2311 1103 2360 POLON1AEG'ANGML.

368 2395 458 2490 Bina
478 2427 546 2488 mihi
563 2427 670 2488 'artifici
692 2426 802 2487 caelata
824 2428 992 2488 nomismata
1012 2426 1113 2490 dextra

369 2513 496 2594 Magnus
518 2511 554 2571 alr
574 2509 685 2572 Arctoo
705 2511 785 2570 misit
806 2510 976 2589 Zamoseius
998 2513 1068 2574 orbe

367 2595 488 2669 Aurea,
510 2615 566 2655 non
587 2594 859 2664 vani'memoraltile
879 2596 983 2674 pignus
1005 2596 1132 2670 amoris,

370 2681 465 2760 Saepe
485 2697 549 2738 meo
570 2688 682 2758 optatos
704 2679 797 2737 culmo
819 2678 975 2739 referentia
995 2683 1110 2752 vultus,

327 2769 348 2826 u
369 2762 548 2842 MagnanIml
571 2763 691 2840 primum
710 2761 823 2840 Regis,
847 2779 901 2838 quo
922 2762 1032 2824 Martia
1052 2761 1177 2842 gautlet,

371 2847 492 2927 Quoque
513 2857 598 2925 ceput
617 2845 697 2906 eaelo
719 2843 836 2906 duetore
855 2845 977 2906 Polonie
997 2847 1083 2907 tollit.

456 2927 592 3009 Aspicis,
615 2940 648 2988 ut
666 2929 725 2989 lat'e
748 2929 909 2991 venerenda
930 2942 1061 2990 coruscat
1081 2932 1197 3008 Imago,

372 3011 539 3092 Cunctaque
562 3011 665 3072 diffuso
688 3014 795 3073 clreum
815 3012 879 3074 loea
899 3013 1004 3074 lumine
1025 3013 1172 3094 complet?
1214 3048 1217 3053 v
1269 3021 1275 3028 ⁴

290 3096 293 3102 '
372 3096 440 3157 Nun
462 3116 497 3156 ea
516 3097 561 3156 vis
583 3116 669 3156 auro:
694 3115 748 3156 nee
769 3115 821 3178 per
843 3096 999 3157 uelamina
1020 3099 1115 3171 lucet,

313 3183 354 3240 lt)
373 3181 438 3239 Nee
458 3178 551 3239 radiat
572 3179 650 3240 rutili
670 3181 766 3238 nativa
785 3180 850 3238 luce
871 3181 997 3241 metalli:
1059 3221 1068 3234 .

372 3262 471 3323 Maius
493 3261 529 3321 al>
550 3261 691 3344 impressa
712 3260 764 3322 sed
783 3261 861 3322 ducit
881 3265 1006 3342 imagine
1027 3263 1140 3342 fulgur,

145 3351 155 3384 ⁸
373 3345 470 3426 Atque
493 3346 595 3426 ipsum
607 3345 744 3427 Stephani
766 3365 849 3408 sacer
872 3355 967 3407 auram
989 3348 1082 3408 vultus
1102 3347 1243 3418 inaurat..
1286 3407 1290 3418 ,

458 3425 658 3510 Contemplare
680 3449 818 3510 acresque
839 3432 936 3491 oeulos
957 3431 1132 3512 frontemque
1154 3427 1322 3504 verendam,

307 3573 312 3586 ,
373 3509 414 3572 Et
434 3510 547 3592 ulguam
570 3515 690 3593 imperit
711 3513 813 3577 faeiem
833 3513 1001 3595 dignamque
1021 3514 1189 3593 triumphis:
1210 3568 1214 3572 .

152 3665 155 3672 Ι
250 3621 256 3626 ·
313 3599 353 3656 lt
371 3595 416 3665 Ut,
433 3615 498 3656 sese
521 3598 596 3657 omni
619 3617 655 3656 ex
674 3607 757 3677 parte
779 3599 866 3659 animi
887 3599 931 3660 vis
952 3597 1047 3661 viulla
1066 3597 1195 3678 profert,
1244 3669 1249 3682 x

373 3677 557 3758 Degenerem
579 3681 673 3740 luxum
690 3681 849 3762 mollesque
870 3702 957 3742 exosa
977 3681 1112 3761 paratus!

336 3839 338 3844 Ι
374 3761 417 3822 Ut
438 3763 528 3841 spirat
549 3779 737 3843 generosum,
760 3765 878 3845 ipsoque
897 3765 1010 3836 videtur
1030 3765 1060 3825 in
1081 3779 1160 3825 auro·
1231 3771 1236 3776 ’

376 3845 503 3924 Regales
524 3849 634 3926 agitare
653 3848 711 3908 imo
735 3849 787 3908 sub
808 3861 925 3930 pectore
946 3869 1048 3920 curas,

375 3927 503 3989 Exitium
523 3932 627 3992 Tureis
650 3930 781 3991 meditari
801 3944 831 3993 et
851 3933 963 3995 vincula
983 3928 1125 3995 Moscho!

316 4013 357 4071 20
460 4013 520 4072 llie
539 4015 601 4088 vir,
626 4013 672 4074 hie
686 4011 740 4074 'est
759 4028 842 4079 natus
863 4017 962 4078 virtuti
985 4029 1013 4076 et
1032 4015 1153 4075 fortibus
1172 4011 1269 4075 tusis:

275 4090 279 4098 ’
378 4091 434 4154 Cui
456 4094 511 4156 duo
533 4107 593 4158 tota
613 4117 698 4179 pares
720 4098 792 4160 alios
814 4102 840 4160 si
860 4098 978 4182 Europa
998 4101 1130 4172 tulisset,

350 4277 434 4322 xnus.
450 4287 487 4324 vs.
500 4279 539 4325 21.
560 4264 658 4326 Ruhuk.
674 4281 792 4332 Crudum
812 4282 842 4327 tle
857 4292 904 4338 uuo
919 4280 1063 4328 senterius:
1079 4275 1174 4340 ,βαθέ’
1188 4276 1266 4334 inqutt
1281 4263 1388 4338 „niuno-

294 4333 416 4386 syllanum
435 4333 506 4394 feeit,
526 4337 588 4381 selle
608 4337 748 4384 audacter.“
781 4315 816 4384 It
829 4342 890 4384 Mur.
905 4339 1037 4394 scripserat
1051 4339 1111 4397 duo,
1127 4337 1189 4384 eleut
1202 4335 1293 4390 temtor
1306 4334 1334 4379 ln
1348 4336 1387 4380 ed.

220 4462 222 4468 Ι
296 4390 410 4438 uuomas.
423 4393 449 4439 et
460 4391 550 4440 veron
560 4392 587 4442 tt.
600 4395 665 4450 erut
675 4397 748 4444 Mart.
755 4395 884 4458 opitulum,
895 4397 938 4454 qui
949 4399 996 4444 tuoe
1007 4395 1096 4446 mureti
1105 4403 1202 4443 carmen
1211 4393 1307 4440 iuver.
1317 4392 1387 4440 meet.

415 4507 423 4538 ,
1221 4501 1225 4512 .
