2960 5070
433 294 563 358 CARM.
589 294 676 360 xlll.
706 295 798 362 SAT„

161 465 259 529 Putris
280 465 414 544 gingivae
435 461 549 536 viduata
568 462 670 524 sedilia
689 462 798 544 pandit.

205 547 353 625 Quottidie
374 547 448 607 hune
469 546 565 608 videas
589 546 672 607 nitidi
694 548 746 606 sub
770 549 891 628 primula
914 548 992 612 Solis

161 631 300 705 Lumina,
325 651 388 690 cum
408 629 536 712 trepidus
556 632 668 710 postico
689 630 787 690 limine
810 633 907 696 lumin

95 722 142 778 50
161 716 276 778 Emittit
297 723 357 774 tota
377 725 508 774 vexatam
529 723 614 774 nocte
634 711 769 776 sacerdos
778 757 791 787 ‚
908 781 911 792 Ι

160 800 277 880 Repere
292 797 441 877 paullatim
461 815 515 877 per
534 794 653 856 delubro
673 797 784 869 omnia,
809 806 839 856 et
858 795 919 856 illic

161 882 285 962 Obstipo
305 880 399 960 capite
419 892 448 940 et
468 877 675 960 trepidantibus
698 899 788 959 usque
806 879 919 940 labellis

158 963 244 1025 Nunc
264 963 337 1034 has,
361 982 435 1022 nunc
457 949 523 1022 illas
545 963 673 1042 provolvi
694 982 828 1024 cernuum
849 960 885 1022 ad
904 982 983 1022 aras.

159 1048 237 1108 Hinc
257 1044 372 1106 rediens
394 1066 449 1105 uon
470 1045 520 1106 ille
540 1047 640 1126 inopes
661 1043 795 1106 fraudare
816 1056 951 1118 recuset,

93 1135 138 1190 58
158 1131 226 1192 Non
248 1128 370 1190 delatori
383 1130 521 1209 ‘periuria
541 1128 667 1190 vendere
686 1126 803 1201 Cordo,

158 1213 226 1275 Non
248 1213 344 1274 iacere
364 1213 475 1284 omnia,
498 1231 570 1292 quae
590 1213 637 1274 vel
659 1211 757 1272 dicere
778 1213 826 1272 vix
848 1211 887 1270 sit
907 1209 1099 1280 honestum>

156 1297 226 1359 Vim
248 1304 330 1375 putat
349 1293 422 1355 hanc
442 1293 558 1356 demens
579 1314 645 1356 esse
667 1296 697 1354 in
719 1293 883 1355 lustralibus
905 1293 1007 1368 undis,

156 1379 271 1460 Perque
292 1377 391 1456 globos
411 1377 543 1457 precibus
563 1376 700 1440 distracta
723 1389 815 1439 mente
834 1378 957 1451 volutis,

156 1463 199 1523 Ut
219 1463 245 1522 si
266 1461 312 1521 vei
334 1461 397 1520 canl
418 1461 545 1540 iugulum
566 1463 656 1541 patris
678 1481 748 1522 ense
769 1461 912 1533 resolvat,

93 1550 137 1606 to
156 1543 316 1608 Dummodo
338 1545 472 1604 mortales
493 1543 590 1604 oculos
612 1545 765 1624 effugerit,
789 1545 854 1624 ipse

158 1627 284 1690 Conscia
305 1646 423 1686 securus
447 1637 627 1688 contemnere
647 1629 761 1688 numina
781 1628 901 1708 possit.=

199 1711 226 1771 0
249 1711 448 1785 simulatores,
471 1721 573 1770 tetrum
594 1731 702 1790 pecus,
724 1723 756 1770 nt
775 1710 845 1770 milui
864 1728 953 1792 saepe

156 1793 223 1856 Bile
243 1793 323 1854 iecur
344 1795 435 1854 vitreo
456 1792 614 1854 diffinditur
633 1795 690 1854 ista
710 1793 821 1854 tuenti!

200 1875 346 1949 Creditis,
371 1897 438 1938 esse
460 1875 543 1938 deum
564 1877 661 1950 caelo,
685 1878 734 1956 qui
755 1878 823 1936 talin
845 1873 950 1947 curet?

95 1957 138 2022 rt
156 1960 319 2040 Exprimite
339 1958 392 2022 hoc
416 1961 518 2031 iactis3
541 1981 596 2038 non
620 1959 762 2020 creditis‘l
783 1959 900 2020 abiicitc
922 1979 993 2038 crgo

156 2045 242 2104 Hunc
263 2043 374 2115 lucum,
398 2053 428 2102 et
449 2043 528 2102 vultu
550 2045 625 2122 ruite
647 2044 677 2101 in
699 2044 793 2103 scelus
815 2062 898 2103 omne
919 2051 1040 2116 retecto.

156 2125 222 2187 Hoc
243 2145 298 2204 ego
320 2127 460 2186 larvarum
482 2145 572 2204 genus
595 2126 751 2202 exitialiter
771 2125 830 2185 odi.

197 2207 346 2288 Sedquid
366 2228 420 2287 ego
444 2228 612 2269 enumerans
631 2208 818 2289 nequidquam
840 2207 953 2286 singula
971 2206 1084 2266 conorl

154 2292 216 2352 Ros
238 2302 320 2352 caret
341 2292 391 2351 illa
409 2290 510 2352 modo:
534 2311 642 2371 genera
663 2294 726 2372 ipsa
745 2293 877 2354 evolvere
900 2291 1015 2370 longum
1038 2301 1092 2351 est.
1186 2313 1188 2316 ·

92 2381 135 2435 tto
157 2375 280 2454 Stupro,
302 2372 378 2448 doli,
400 2373 534 2448 fraudes,
556 2376 702 2455 periuria,
724 2377 818 2447 furta,
840 2375 974 2454 rapinae,
1082 2398 1085 2412 ¹

154 2456 285 2518 Crimina
301 2469 390 2518 ¹erant
411 2459 499 2518 olim:
529 2469 628 2518 nostro
652 2469 719 2518 sunt
739 2469 867 2538 tempore
889 2459 967 2518 lusus
977 2501 989 2530 ,

97 2603 98 2608 ,
122 2606 127 2614 ,
155 2542 236 2616 Quos
257 2541 339 2620 pueri
358 2543 466 2601 teucris
488 2541 661 2602 meditentur
681 2539 899 2620 elinguibus,
924 2551 954 2601 et
974 2560 1045 2620 quos

153 2623 222 2704 lpse
242 2621 326 2683 docet
348 2635 430 2684 natos
452 2626 584 2703 genitor,
607 2629 753 2706 materque
774 2625 894 2705 puellas.

152 2707 294 2769 Venimus
315 2705 352 2766 ad
372 2727 528 2768 summunt
552 2709 644 2787 ruptis
667 2719 697 2768 et
716 2727 833 2788 prorsus
854 2707 973 2784 habenis

93 2795 134 2848 su
155 2789 304 2870 Oppressa
325 2809 421 2850 rerum
442 2793 551 2871 potitur
571 2793 676 2852 virtute
698 2792 797 2854 libido.

127 2979 172 3025 Vs.
187 2978 225 3025 88.
254 2980 389 3034 corruptus
406 2979 476 3024 locus
496 2977 588 3026 catulli
605 2979 637 3027 sd
655 2983 729 3030 ruent.
751 2980 805 3029 18⁹.
819 2977 894 3028 alum
907 2980 1003 3028 moreto
1016 2977 1096 3028 timul
1109 2977 1163 3025 lull.

69 3037 106 3084 lul
119 3034 217 3092 monui,
238 3037 342 3092 pwttdtc
356 3035 434 3090 prima
448 3036 516 3080 trevi
524 3070 531 3095 ,
552 3039 659 3084 secunus
672 3039 745 3093 tortus
759 3037 819 3092 dicl3
833 3038 896 3097 qnod
912 3037 986 3082 etlam
999 3036 1076 3082 lrmet
1091 3036 1164 3080 stun-

69 3095 125 3139 mlus
140 3093 181 3137 lib.
194 3091 260 3138 vul.
281 3103 319 3147 ep.
334 3094 375 3138 xl.
391 3093 429 3138 1⁹.
463 3093 507 3138 Vir
528 3094 628 3151 domus,
650 3095 759 3141 ltuellnm
773 3097 882 3140 munuum
896 3103 1040 3150 recensens,
1061 3104 1122 3138 voce
1137 3092 1164 3138 lu

68 3151 223 3203 trisyllabum
242 3151 347 3206 patottqte
367 3149 530 3200 contrahenda
549 3150 682 3198 dlfleultstl
696 3163 823 3201 oecrurerc
837 3153 952 3196 tentabat
980 3152 1017 3198 At
1029 3161 1078 3196 non
1091 3149 1162 3206 vidit,

68 3207 106 3252 sic
120 3205 293 3261 penultimam,
314 3215 377 3260 quae
393 3201 481 3266 rieturd
496 3208 568 3252 etlam
582 3210 721 3268 longeest,
737 3209 855 3266 positione
869 3207 982 3264 pronum,
998 3205 1162 3260 antepenulti-

68 3273 134 3308 msm
154 3267 236 3308 sutem
257 3273 305 3307 nun
324 3262 411 3308 iuvari.
440 3262 588 3316 sculpturam
602 3267 658 3310 cult.
673 3277 721 3310 non
735 3265 782 3310 nlsl
798 3263 990 3320 pronunclstionl
1004 3265 1029 3309 et
1044 3261 1162 3317 imperltls

68 3319 156 3365 saluts
170 3319 256 3364 tritum.
286 3321 394 3366 saurus.
414 3342 444 3354 ·-
461 3323 490 3366 lu
505 3321 594 3366 cntnlu
608 3322 662 3368 loco
677 3324 728 3368 noll.
743 3323 830 3368 Drestl.
846 3321 1005 3378 molluscum
1020 3324 1086 3366 recte
1100 3329 1162 3363 vero

68 3376 219 3422 recentiores
233 3373 346 3432 editores,
362 3376 452 3430 spretis
467 3377 576 3422 santeult
589 3379 740 3434 altorumque
755 3379 996 3434 conlecturls‚teuent
1011 3376 1180 3432 quotum„

68 3443 113 3487 pro
134 3430 229 3477 notione
249 3432 342 3476 numeri
363 3431 475 3487 decurtet
488 3432 589 3487 primam
603 3437 724 3490 syllabam
738 3435 891 3493 productum,
911 3434 1057 3494 memnon,
1072 3436 1161 3480 notura

69 3493 96 3536 ut
109 3488 209 3535 videtur
222 3487 362 3546 ancipitem,
379 3490 476 3536 catullo
490 3496 625 3546 correptum
639 3493 759 3540 videntes.
786 3495 880 3540 Nom.

125 3561 171 3608 vs.
185 3559 225 3608 w.
256 3557 293 3610 cl.
308 3560 378 3617 eplst.
393 3563 413 3606 l.
426 3559 466 3609 att
480 3570 537 3621 pen
550 3565 580 3612 lt
593 3565 650 3614 688.
677 3568 723 3618 tn.
