2960 5070
258 297 323 366 aaa
456 333 474 384 ,
534 325 572 393 Ι(
674 288 788 354 urunt
811 289 932 354 runnu

346 463 380 526 Si
403 459 510 544 possim
532 455 639 520 morbis
658 457 735 520 iiber
753 457 912 538 vinclisque
933 451 1063 530 solutus,

345 545 497 610 Fluctibus
519 553 548 604 et
570 543 662 604 ventis
683 543 813 602 laceram
825 539 987 601 subducere
1011 539 1145 620 puppim:

181 627 185 632 ’
285 635 327 693 bb
342 615 430 705 'Quas
453 627 507 686 tibi
526 625 618 685 laetus
642 643 724 704 agam
745 635 862 704 grates,
885 622 950 683 dum
972 624 1033 682 vita
1054 625 1198 686 manebit!

271 728 277 736 ‘
347 715 411 786 Te,
435 730 499 771 eum
519 709 583 770 luce
601 729 675 770 nova
696 719 813 787 sparget
835 707 886 768 Sol
907 724 1011 766 aureus
1033 706 1148 781 orbem,

347 795 559 864 Teretinam,
582 793 692 870 quoties
715 789 871 851 abscondet
892 809 982 869 opaea
1003 789 1097 868 poium
1118 810 1191 865 nox,

349 879 392 942 Et
411 889 461 943 tua
481 875 636 958 praecipuo
659 873 818 936 venerabor
838 875 953 934 numina
973 873 1060 934 cultu.
1139 909 1144 922 ·

498 1001 1132 1110 mannestando.
1230 1104 1240 1124 x

352 1141 514 1246 Barbara,
541 1175 588 1254 qui
603 1168 708 1233 dandas
731 1181 829 1251 speret
852 1191 885 1232 se
905 1189 1031 1252 aequare
1051 1167 1180 1234 canendo

352 1258 448 1320 Posse
465 1268 548 1330 tuas,
571 1255 815 1336 idempulsantes
838 1255 935 1318 littora
955 1256 1056 1314 fluetus

353 1341 396 1404 Et
415 1339 543 1422 Libycas
565 1359 683 1401 numero
704 1338 907 1420 comprendere
928 1348 1018 1398 tentet
1038 1357 1157 1400 arenas:

266 1435 272 1443 ’
370 1419 380 1442 “
439 1423 484 1484 Te
503 1434 586 1504 pater
606 1423 723 1482 insanus
745 1423 818 1482 turri
834 1421 1020 1483 =eoneluserat
1042 1421 1119 1494 alba,

314 1513 334 1568 ὃ
356 1503 416 1568 Sed
434 1526 532 1567 veram
554 1504 676 1566 Danaen
696 1525 783 1566 verus
803 1507 837 1564 te'
854 1505 983 1588 luppiter
1005 1503 1073 1564 illue

261 1661 265 1669 ¹
355 1579 520 1670 Despondit
539 1589 596 1648 sibi
618 1587 752 1648 Christus
775 1600 805 1648 et
820 1589 908 1648 'arato
931 1585 1048 1646 foedere
1068 1585 1171 1647 iunxit.

356 1671 412 1735 Illo
433 1683 462 1734 et
485 1682 516 1732 tu
537 1671 668 1752 triplices
688 1671 752 1732 fieri
776 1672 934 1750 inspirante
956 1671 1099 1732 fenestras

356 1754 524 1827 Mandasti,
547 1765 577 1814 et
597 1755 683 1815 niveo
705 1755 852 1834 sculpsisti
875 1756 905 1814 in
927 1771 1068 1814 marmore
1089 1753 1221 1833 signum,

359 1837 425 1914 Quo
447 1849 580 1918 reparata
603 1838 700 1910 salus,
724 1848 772 1912 et,
796 1836 947 1898 deficiente
970 1837 1117 1909 ministro,

297 1926 338 1986 db
358 1923 428 2001 Ipsa
448 1933 512 1982 tuos
534 1921 661 1982 mersisti
681 1919 765 1991 undis
786 1921 952 2002 lustralibus
975 1931 1066 1980 artus.

211 2075 216 2082 Ι
360 2003 440 2079 Quid
461 2023 632 2077 memorem,
655 2015 687 2064 ut
707 2003 761 2064 tibi
782 2025 861 2065 mons
885 2003 1008 2082 fugienti
1027 2001 1160 2076 cesserit,
1181 2011 1232 2064 ant
1252 2019 1328 2084 quae

287 2142 291 2151 .
361 2087 482 2168 Ceperit
502 2085 602 2158 indicii
623 2107 746 2148 vesanus
769 2088 897 2168 praemia
917 2083 1040 2168 pastori

362 2172 422 2246 Qui
443 2170 508 2231 dnm
530 2171 653 2232 miratur
673 2171 796 2252 pecudes
819 2173 848 2230 in
871 2190 1013 2256 marmoga
1033 2189 1154 2243 versas,

362 2255 431 2336 lpse
451 2274 532 2316 suum
554 2255 663 2336 pariter
684 2256 775 2314 sensit
795 2253 974 2334 lapidesoere
994 2272 1108 2334 eorpus.
1165 2310 1187 2348 ο,
1299 2286 1303 2294 ,

300 2342 341 2400 db
445 2337 512 2398 Non
534 2337 752 2410 tu'aarnifioes,
776 2360 833 2398 non
853 2348 883 2396 tn
903 2347 1044 2398 tormenta
1064 2334 1205 2409 timebas,
1223 2401 1226 2405 ,

363 2419 432 2481 Nou
454 2417 584 2500 gladios,
607 2421 735 2481 animosa
754 2431 784 2481 et
804 2419 923 2481 Christo
943 2420 1167 2500 plenavirago:

192 2554 198 2573 ,
367 2505 426 2579 Qui
448 2513 478 2565 te
495 2501 534 2564 ad
554 2505 708 2566 caelestem
731 2500 840 2566 meritis
862 2523 914 2584 pro
936 2503 1040 2562 talibus
1063 2503 1156 2564 aulana

216 2609 265 2658 aas
366 2586 474 2650 Evenit
497 2588 635 2666 regnique
656 2587 749 2647 libens
771 2588 801 2647 in
823 2599 903 2668 parte
925 2586 1041 2648 locavit.
1221 2653 1224 2658 ¹

451 2667 494 2729 At
514 2679 562 2742 tu,
586 2669 679 2742 Diva,
704 2689 808 2748 graves
828 2669 972 2730 hominum
993 2670 1129 2730 miserata
1148 2666 1284 2740 labores,

305 2756 347 2817 20
366 2750 472 2813 Pacem
492 2751 551 2812 illis
574 2753 740 2832 veniamque
763 2773 818 2843 ora
838 2763 868 2814 et
888 2754 1018 2814 nocitura
1038 2751 1157 2831 repelle.
1225 2829 1228 2837 ¹
1310 2823 1313 2834 ,

178 2872 183 2882 =
284 2898 287 2906 ,
367 2834 530 2915 Praecipue
550 2837 666 2916 antiquo
687 2848 856 2918 prognatum
877 2856 913 2898 ex
935 2837 1072 2915 sauguine
1094 2855 1194 2914 regum

370 2916 553 2998 Gonzagem,
578 2920 721 3000 felixque
742 2939 775 2980 se
796 2919 867 2984 duce
888 2919 1008 2980 Mantua
1028 2920 1134 2991 iactat,
1302 2919 1305 2928 '

287 3038 288 3043 κ
370 3002 429 3076 Qui
450 3001 558 3062 virides
579 3001 673 3064 Minoi
693 3003 728 3063 ad
748 3005 826 3082 ripas
847 3003 919 3076 tibi,
943 3002 1041 3076 Diva,
1066 3003 1191 3064 sacravit

370 3085 518 3164 Templum
541 3096 691 3168 augustum
714 3087 834 3166 ingens,
856 3106 925 3146 eura
945 3084 1020 3166 quod
1039 3098 1068 3146 et
1088 3086 1152 3164 ipse
1173 3096 1269 3148 tuetur

308 3171 349 3227 25
369 3166 529 3250 Pervigili,
558 3181 588 3228 et
608 3170 745 3228 flammam
767 3169 825 3230 late
846 3170 1046 3249 spargentibus
1068 3169 1127 3244 aris
1344 3173 1351 3184 ¹

373 3253 467 3330 Saepe
487 3271 568 3312 manu
590 3253 707 3332 propria
725 3253 842 3312 meritos
863 3253 983 3332 imponit
1003 3252 1138 3317 bonores.

372 3334 457 3394 Hunc
478 3343 528 3407 tu,
551 3333 646 3408 Diva,
669 3345 718 3408 tao
739 3335 895 3417 protectum
916 3337 1030 3396 numine
1051 3329 1150 3396 saneto

324 3447 329 3461 =
372 3415 523 3479 Conserva
542 3417 728 3499 populumque
750 3420 853 3492 simul,
875 3420 923 3500 qui
944 3439 1051 3502 saera,¹
1068 3429 1191 3478 secutus.
1284 3441 1287 3446 ·

373 3499 518 3582 Principis
540 3503 716 3584 exemplum,
737 3523 808 3584 puro
829 3513 879 3563 tua
899 3501 985 3565 eorde
1006 3503 1177 3583 frequentat.

413 3745 416 3750 .
445 3663 515 3726 xn.
558 3665 621 3726 nn
649 3667 682 3730 s.
705 3631 913 3731 sununs
941 3599 1247 3732 aros'uouo..

373 3751 444 3840 Dte
464 3781 552 3856 mihi,
575 3781 683 3857 Musa,
704 3785 812 3857 virum,
836 3785 953 3846 Getieas
974 3785 1022 3865 qui
1044 3787 1151 3868 primus
1170 3787 1201 3851 in
1222 3767 1290 3849 droa

187 3943 191 3950 Ι
374 3865 475 3926 Intulit
495 3876 629 3926 aeternae
651 3866 892 3948 fulgentia'signa
913 3868 1032 3932 salutis:
1147 3865 1150 3870 ’

254 3949 257 3956 ’
350 3965 352 3970 ’
374 3948 448 4009 Mox
469 3967 501 4008 se
521 3967 612 4028 regna
632 3950 728 4010 ferens
749 3952 853 4011 alacris
875 3971 929 4032 per
944 3952 1075 4014 Aebaioa
1094 3954 1206 4025 vietor,

374 4031 451 4093 Dum
472 4043 554 4110 parat
573 4053 665 4111 usque
685 4053 774 4095 novos
797 4036 911 4113 antiquo
931 4055 968 4096 ex
988 4037 1070 4097 hoste
1091 4037 1268 4118 triumphos,

292 4138 300 4152 ·
334 4119 355 4175 b
379 4115 512 4176 Saoravit
531 4127 645 4177 veteres
668 4136 810 4194 generoso
832 4119 970 4198 sanguine
990 4131 1097 4199 patres.
1140 4163 1142 4169 ι

460 4198 506 4258 Tu
528 4197 628 4272 modo,
651 4209 695 4258 tot
715 4202 810 4263 saevis
831 4221 886 4280 quo
907 4205 1121 4281 tempestatibus
1142 4215 1222 4265 aomo

376 4279 550 4364 setanion,
574 4294 605 4341 ut
627 4293 764 4361 possunt,
787 4283 916 4344 solentur
935 4287 1069 4366 praesule
1087 4289 1199 4360 Senae,
1300 4309 1304 4316 ’

259 4414 265 4434 ,
376 4361 443 4422 Huc
463 4361 584 4438 adhibe,
602 4365 785 4440 francisce,
808 4369 950 4442 animum,
974 4387 1137 4454 mecumque
1155 4369 1272 4433 revolve
