2992 5066
516 275 701 410 ‘uersu
731 301 799 364 n-
1018 255 1020 262 ’
1161 305 1203 372 ur

119 481 319 554 pervenerant,
339 467 534 552 corrogandae
549 467 690 554 quasique
708 471 834 546 ostiatim
851 467 1059 550 conquirendae
1074 471 1200 535 tuemur

119 555 197 628 Quas
222 563 279 614 no'u
308 556 409 634 ultor)
438 556 538 616 ordine
558 567 607 616 aut
624 575 809 634 personarum
832 566 881 614 aut
896 557 1072 634 teinpururn,
1097 553 1203 639 (neque

29 679 32 684 ·
119 639 192 698 enirn
211 657 260 698 res
280 641 353 698 tanti
375 639 551 716 videbatur,)
575 637 626 699 scd
645 650 677 698 ut
695 657 820 718 quaeque
839 639 924 698 allata
938 650 1017 710 erat,
1041 650 1069 698 et
1082 659 1144 700 eum
1156 642 1202 700 eis

118 721 266 780 nonnullas
286 721 322 780 ad
343 723 389 782 rue
408 743 426 782 a
445 724 516 782 viris
534 718 662 782 doctriua
680 734 708 782 et
718 723 887 782 auctoritate
904 717 1113 800 praestantibus
1132 725 1204 783 scri·

118 815 197 884 ptas,
222 805 252 862 in
273 825 356 864 unum
381 807 511 868 volumen
531 804 725 885 congerendas
745 807 862 878 curavi3
885 817 915 864 nt
928 817 993 864 tuae
1007 807 1204 884 velvvoluntati

118 889 292 967 obsequerer
314 889 360 950 rel
380 891 543 950 auctoritafi
561 889 796 969 obtemperarem.
839 879 958 949 Tannum
972 891 1053 948 enin
1064 900 1093 950 et
1106 893 1204 949 annici-

118 973 173 1031 tiae
192 983 309 1032 nostrae
325 985 354 1032 et
371 973 537 1052 prudentiae
550 983 615 1032 tuae
625 975 664 1044 viu
680 975 809 1033 maximis
824 969 987 1032 muneribus
1002 972 1123 1050 publicis
1136 975 1204 1038 obc-

118 1053 198 1114 uudis
222 1055 279 1114 iaus
301 1055 409 1135 pridem
429 1067 572 1136 spectatae
595 1057 705 1129 tribuo,
728 1057 854 1116 utnulla
871 1057 1012 1116 inretibi
1033 1067 1081 1114 aut
1094 1058 1201 1117 volenti
1248 1099 1254 1116 ι

117 1157 224 1218 negare
243 1139 434 1206 antecedenti
445 1140 595 1201 edverseri
612 1141 656 1200 fas
672 1152 776 1219 putem.
821 1140 920 1215 Quare
935 1139 1001 1218 quid
1015 1159 1033 1198 a
1046 1159 1091 1200 me
1107 1151 1204 1218 postu·
1290 1159 1293 1166 ·

117 1221 178 1292 les,
203 1233 251 1282 aut
269 1221 335 1301 quid
351 1223 505 1284 nefacere
521 1225 639 1296 iubeas,
662 1226 725 1302 ipse
740 1221 866 1282 videris:
889 1234 980 1295 certe,
1004 1221 1136 1303 quidquid
1154 1245 1204 1304 po·
1253 1255 1257 1268 =

117 1306 287 1391 epulareris,
311 1305 384 1384 quod
397 1306 509 1386 quidem
523 1309 554 1379 in
567 1327 611 1366 nne
624 1309 708 1366 situm
724 1309 772 1378 sit,
789 1308 984 1385 consequeris.
1029 1308 1094 1365 Hoc
1110 1305 1204 1366 auteur

117 1389 254 1469 aequiore
273 1390 367 1449 animo
390 1405 492 1470 passus
517 1411 577 1449 sum
601 1401 699 1450 extare
722 1391 831 1470 aliquas
851 1392 987 1472 epistolas
1010 1409 1105 1462 meas,
1130 1389 1204 1468 quod

118 1470 252 1550 quaedum
278 1474 372 1542 multis
395 1475 457 1533 iarn
468 1473 571 1534 abhinc
588 1477 670 1532 annis
685 1472 777 1532 editae
793 1485 858 1532 sunt
870 1494 922 1552 pro
936 1473 1025 1545 meis,
1050 1472 1202 1551 dequibus
1250 1498 1252 1504 s

116 1554 276 1616 scribendis
297 1575 352 1636 ego
371 1577 408 1616 ne
420 1575 481 1636 ,per
498 1559 634 1616 somnium
646 1556 761 1636 quidem
774 1576 893 1635 unquam
909 1557 1044 1634 cogitavi.
1089 1554 1205 1615 Confin-

115 1649 198 1698 xerat
213 1659 262 1698 eas
278 1641 303 1698 is
320 1641 394 1720 ipse,
404 1637 461 1722 di)
485 1642 531 1720 qui
545 1651 674 1720 tanquam
689 1660 705 1698 a
720 1659 764 1699 me
779 1639 861 1700 adse
876 1641 979 1700 missus
996 1638 1201 1718 divulgaverat,

116 1720 200 1780 borno
231 1721 359 1782 eruditus
382 1724 431 1792 illc
453 1724 581 1802 quidem,
613 1722 663 1784 sed
684 1719 826 1804 improbus
851 1735 880 1783 ct
902 1735 1002 1783 notura
1024 1719 1144 1782 nocendi
1167 1721 1203 1782 ae

115 1806 188 1864 male
212 1805 339 1865 faciendi
360 1806 496 1886 cupidusa
521 1827 583 1867 cum
603 1805 732 1886 plurima'
745 1804 911 1872 et'nraximn
931 1807 1048 1878 officia,
1070 1807 1204 1885 quibusa
1324 1860 1328 1868 ,

115 1909 160 1949 me
178 1888 295 1948 affectus
316 1901 396 1962 erat,
428 1892 544 1950 summis
564 1891 678 1950 iniuriis
701 1901 885 1969 compensare
900 1891 997 1949 vellet,
1043 1888 1203 1964 Quadere
1235 1884 1241 1890 ’

115 1973 181 2030 olim
206 1991 222 2030 a
242 1993 286 2032 rue
304 1975 432 2050 graviter
454 1975 639 2052 obiurgatus,
664 1974 758 2032 multis
774 1993 835 2032 curn
850 1974 984 2054 lacrymis
1002 1994 1078 2033 ame
1091 1971 1202 2033 veniam

114 2055 214 2134 petiit,
241 2057 341 2134 laqueo
362 2056 447 2136 digna
467 2054 726 2138 commisisseiit)
750 2077 782 2116 se
805 2059 918 2128 fassus3
943 2077 1004 2116 cunr
1028 2059 1054 2116 el
1079 2058 1203 2140 serruoni

113 2138 279 2198 Hadrianus
309 2136 460 2200 Turnebus
494 2151 523 2200 ct
553 2141 675 2200 loannes
712 2139 840 2199 Auratus
879 2151 1046 2218 praesentes
1081 2141 1204 2199 iuteres-

114 2233 189 2282 sent.
237 2215 296 2283 Sed
317 2225 459 2283 mittamus
484 2224 566 2283 baec.
610 2223 640 2282 A
664 2233 693 2282 te
714 2243 766 2300 pro
788 2225 913 2282 amicitia
934 2235 1030 2283 nostra
1046 2235 1128 2302 pcto,
1151 2223 1203 2282 des

85 2357 89 2364 .
114 2326 247 2386 operam,
271 2306 393 2388 nequid
416 2307 483 2366 istic
506 2307 661 2368 excudatur
680 2321 734 2385 pro
758 2325 840 2379 meo,
864 2306 936 2386 quod
960 2327 1049 2366 meum
1072 2327 1127 2364 nou
1153 2308 1201 2366 sit.
1238 2318 1243 2334 ‘

114 2389 193 2463 Quid
221 2391 296 2449 enim
325 2391 449 2451 futurum
478 2402 539 2463 est,
579 2392 635 2450 nisi
661 2393 827 2449 coerceatur
848 2391 966 2449 istorum
990 2388 1126 2460 audacia,
1156 2391 1203 2468 qui

113 2465 310 2551 superioribus
338 2475 481 2534 mensibus
511 2479 609 2553 po'e'ma
639 2472 776 2552 quoddam
799 2472 833 2532 dc
852 2472 981 2532 laudibus
1003 2473 1118 2532 loannis
1141 2472 1204 2531 Au·

113 2557 231 2628 striari,
272 2555 346 2634 quod
372 2577 426 2636 ego
453 2577 592 2636 nunquam
611 2559 757 2636 legeram,
788 2577 841 2636 pro
863 2577 925 2616 mco
949 2555 1119 2615 ediderunt
1169 2556 1202 2613 ln

112 2659 166 2718 quo
194 2640 319 2699 etmihi
348 2642 377 2699 et
403 2642 448 2712 ei,
471 2643 558 2700 ¹cuius
595 2639 665 2701 illud
692 2643 793 2719 poiinna
824 2651 887 2710 est,
921 2641 1053 2718 imposita
1079 2640 1202 2716 insignis

111 2724 219 2783 iniuria
242 2733 297 2782 est.
350 2723 435 2784 Nunc
458 2736 506 2783 tua
525 2725 703 2804 potissimum
726 2721 802 2796 fide,
827 2723 993 2801 diligentia,
1018 2723 1197 2794 auctoritate,
1214 2739 1262 2787 nus

168 2979 202 3035 n)
216 2979 257 3024 Sic
272 2979 355 3024 cicero
370 2989 465 3033 quoque
479 2978 592 3034 loquitur.
604 2981 671 3026 Brut.
685 2979 724 3025 9⁰.
741 2983 803 3026 extr.
820 2982 848 3025 nt
859 2989 919 3024 aaa
932 2979 1002 3024 utto
1016 2983 1078 3025 esset
1088 2979 1201 3036 (causa),

110 3047 171 3092 quoe
183 3047 234 3081 nou
248 3038 318 3090 dtqnn
330 3038 412 3080 nostro
425 3038 556 3089 potr-ocante
569 3039 695 3085 emantur.
710 3039 751 3082 Vl.
771 3039 802 3082 unt
816 3041 883 3082 Fam.
898 3038 921 3082 9.
935 3039 996 3082 bunc
1009 3051 1024 3081 a
1037 3049 1113 3092 puero
1127 3062 1155 3071 -
1169 3041 1205 3082 etc

109 3093 306 3148 rumperemus,
329 3093 356 3136 ut
375 3101 433 3134 ιιοιι
453 3094 518 3137 ulto
540 3105 592 3138 curm
606 3094 697 3138 bornae
710 3097 855 3139 coniunctius
868 3096 979 3139 viserent
992 3095 1047 3150 (uui
1061 3096 1204 3148 brennum

108 3149 196 3204 fragrn
220 3149 278 3194 Ceu.
294 3152 365 3194 Taur.
382 3147 447 3193 dedit
467 3150 532 3193 nullo
546 3151 572 3194 ut
586 3161 637 3194 cnon
652 3153 697 3206 etc.
712 3151 737 3194 iu
752 3152 810 3196 cod.
826 3152 895 3202 Med„
906 3155 943 3196 est
955 3153 982 3195 nt
995 3153 1120 3206 nonnullo,
1137 3151 1204 3196 faciti

110 3205 220 3260 errore.)
235 3216 278 3259 pro
294 3207 387 3252 cluent.
401 3206 438 3249 13.
450 3205 474 3259 s.
486 3206 524 3251 39.
553 3209 607 3250 Non
620 3207 660 3252 a'ltc
673 3209 784 3252 beborna
796 3219 811 3251 a
824 3209 934 3262 muntia,
948 3217 997 3264 noa
1010 3209 1088 3252 studio
1101 3211 1204 3262 uirtutis,
1237 3236 1241 3241 .

109 3273 173 3306 ιιοιι
186 3263 284 3306 nilum
297 3263 474 3307 existtaroto'onis
488 3264 562 3307 bonne
573 3263 678 3317 sructtua
691 3275 791 3318 nunquan
802 3267 923 3321 copularat.
938 3276 981 3318 pru
995 3265 1061 3310 Cael.
1073 3265 1110 3310 22.
1126 3266 1150 3320 S.
1164 3267 1203 3310 58„

109 3321 164 3363 Non
179 3329 266 3372 cumn,
288 3327 336 3362 uon
349 3319 428 3374 lucan,
443 3328 491 3362 noa
504 3317 607 3372 fucantes
621 3345 649 3354 -
663 3331 721 3372 non
734 3323 797 3366 ratio
810 3323 890 3375 utto,
912 3331 959 3365 non
973 3323 1093 3376 vesttpa'nra
1107 3323 1204 3366 structuri

108 3375 229 3429 rannone
247 3375 390 3428 repetetur„
408 3375 464 3429 (ubi
479 3377 528 3420 vid.
544 3377 616 3421 Orell.
637 3387 692 3432 pag.
707 3378 791 3423 minor.
807 3379 843 3424 ed.
858 3377 912 3432 48.)
942 3377 977 3422 Cl.
993 3379 1070 3423 Auad.
1085 3378 1158 3432 prior.
1173 3381 1203 3422 11.

111 3433 150 3478 tn.
165 3433 206 3477 88.
229 3433 274 3476 'Ex
288 3432 327 3475 bis
341 3436 454 3488 apparet,
472 3433 528 3487 quid
542 3435 694 3480 sentiendum
707 3435 739 3480 sit
754 3435 784 3479 de
799 3439 927 3498 prpeeepto
942 3435 1032 3480 Breunii
1047 3436 1093 3490 [eu
1108 3435 1157 3480 Cic.
1172 3437 1204 3480 de

110 3491 166 3534 Fut.-
189 3497 245 3542 pag.
259 3488 314 3542 63.)
335 3489 446 3542 negantis
462 3500 567 3543 uunquam
581 3491 617 3534 siu
631 3491 678 3534 dici
692 3503 734 3545 pro
751 3503 792 3550 eo,
815 3493 876 3546 qurod
892 3493 978 3536 debeat
992 3503 1034 3536 nec
1048 3493 1116 3536 nllus.
1146 3491 1202 3539 Ali-

110 3547 203 3600 quanto
224 3547 304 3589 auteur
323 3544 409 3588 fortius
430 3549 468 3591 est
488 3557 536 3590 non
556 3549 605 3592 utto
620 3549 777 3602 enemente.
813 3551 896 3602 ltaque
915 3549 979 3602 apud
994 3549 1042 3592 Cic.
1057 3559 1101 3602 pru
1117 3548 1203 3592 Sextio

69 3641 72 3650 .
109 3603 135 3658 s.
146 3602 200 3648 rut.
214 3611 282 3656 quan
294 3611 411 3656 mmmmm
425 3604 473 3648 utto
487 3605 531 3670 pto,
546 3605 608 3652 ultae
621 3607 705 3659 ariane
720 3606 769 3648 ulto
782 3606 870 3648 tactam
881 3603 990 3660 tabefecit
1003 3616 1045 3658 pru
1058 3607 1124 3658 vulg.
1135 3615 1203 3660 queat

108 3659 177 3704 matu
191 3667 294 3712 ιιιιιιιιαιιι
307 3660 351 3711 cis,
366 3659 444 3703 notice
457 3662 541 3714 arinca,
556 3661 622 3704 natta
635 3663 682 3706 ino.
696 3663 742 3706 lob.
758 3673 790 3706 ex
804 3662 872 3706 libris
886 3662 1059 3707 restituendum
1071 3665 1222 3706 esserecte.
1275 3667 1277 3671 ’
1332 3663 1334 3668 ’

108 3725 174 3770 vidit
189 3725 397 3786 orentiuszpuuus
412 3723 441 3770 oi.
456 3728 512 3771 min.
528 3728 564 3772 ed.
581 3739 634 3782 pag.
651 3730 703 3773 18¹.
733 3729 847 3774 similiter
861 3727 912 3776 iere
926 3729 1035 3774 differunt
1050 3733 1142 3775 Graeca
1157 3715 1202 3770 οὐ·

109 3781 169 3842 δείς
183 3795 213 3854 et
225 3780 283 3834 οὐδ’
303 3787 340 3842 εἰς
353 3799 374 3834 ι.
391 3780 457 3838 οὐδὲ
476 3777 528 3850 εἷς,
540 3805 652 3848 ,quorum
670 3795 730 3839 illud
751 3795 895 3854 essecutus,
917 3797 962 3840 true
975 3805 1006 3840 oe
1018 3805 1079 3840 rarus
1093 3797 1201 3853 quiderm

79 3885 87 3896 ·
109 3849 165 3922 οὐχ
184 3855 239 3915 εἱς,
261 3869 311 3904 nun
324 3859 702 3916 ume,seun1uresve1mutti.
730 3862 775 3904 Fn.
1229 3883 1240 3912 μ

168 3939 361 3998 nnJmonysiun
374 3939 512 3998 Lambinus.
533 3939 595 3984 vine
609 3949 671 3994 quae
686 3939 717 3984 eu
732 3939 787 3984 illas
799 3936 925 3994 Epistulas
940 3936 1056 3992 unguii.
1072 3937 1202 3984 mnotovt-

110 4012 173 4054 mnu.
210 4000 324 4046 Ceterum
345 3997 385 4042 tric
398 4009 492 4052 quoque
507 3997 594 4042 Mureti
609 3999 674 4040 rnatu
687 3993 746 4042 tides
760 4001 863 4050 apparet
877 3997 902 4040 in
916 3995 1030 4051 testibus,
1051 3995 1161 4040 l’urnetrc
1177 3997 1203 4040 et

109 4059 222 4114 Anneio,
245 4053 362 4112 citandis,
384 4053 541 4109 quorumjlte
556 4053 644 4097 dudum
658 4056 768 4097 mortuns
783 4057 849 4106 erat,
871 4053 911 4097 tric
925 4051 1041 4105 sanguine
1057 4054 1081 4095 et
1095 4049 1202 4096 amicitie

109 4117 207 4159 Mrueto
223 4113 377 4165 coniunctus,
400 4112 492 4156 nullum
505 4109 637 4155 testimonii
651 4109 744 4154 dicendi
758 4110 796 4154 ius
811 4111 922 4156 babebat.
951 4109 978 4153 ld
992 4108 1056 4162 quud
1070 4110 1131 4152 uene
1145 4118 1202 4153 ruo·

109 4170 164 4215 nult
179 4169 334 4228 doctissimus
347 4170 446 4213 Moneta
460 4163 491 4211 ad
505 4169 600 4218 Menona
615 4169 682 4212 Tum.
698 4168 739 4212 lv.
759 4168 884 4221 nantis.
906 4167 959 4224 (ed.
972 4164 1068 4222 Amet)
1085 4166 1115 4212 l).
1129 4167 1159 4212 tt.
1173 4187 1202 4198 -

108 4225 149 4273 ct.
163 4227 259 4272 usuris
275 4225 337 4269 Bibl.
351 4221 488 4269 nat'nom.
504 4225 544 4271 ltl.
560 4225 597 4268 ed.
611 4225 668 4270 Eun.
682 4233 738 4279 ung.
753 4225 808 4270 2³8.
822 4223 857 4280 r).
886 4227 930 4270 lta.

169 4307 243 4365 unu]
253 4304 295 4354 'ct
310 4305 395 4351 Horat.
411 4307 460 4350 sat
475 4306 505 4350 ΙΙ.
521 4304 543 4350 t.
557 4303 597 4349 47.

343 4395 431 4442 Pereat
444 4395 497 4442 ner
510 4393 617 4441 aortrwa
630 4403 702 4442 noce
715 4391 827 4452 aquea
854 4395 900 4442 nn.
