2978 5068
519 263 650 328 urrsn
672 245 803 331 xuvtr.
926 311 927 314 κ
1172 269 1232 342 ss

89 465 94 472 ·
112 428 274 490 ber-nature
288 427 354 488 Deo
371 427 496 491 assiduis
511 431 585 491 votis
597 430 693 490 fausta
706 452 741 491 aa
754 433 852 493 delicia
868 435 961 494 omnia
977 435 1134 514 precabor,
1148 457 1214 498 ‹nou
1312 443 1321 463 “

109 513 189 592 quod
217 535 262 574 me
282 511 398 594 dignum
420 515 596 585 existimem,
628 515 709 574 euius
733 527 799 576 vota
821 517 858 576 ab
878 517 1129 592 eoaeendnntur,
1161 521 1213 582 sed
1248 521 1249 524 ’

86 596 187 682 Ιφωά
210 609 242 656 tu
269 596 473 674 dignissimus,
505 618 557 676 pro
580 599 666 658 cuius
690 597 782 658 salute
808 611 892 678 atque
912 601 1104 664 incolumitate
1126 606 1211 666 ctiam

108 699 230 752 eorum,
254 681 303 760 qui
319 699 379 760 per
399 701 431 740 se
452 681 529 740 nullo
547 701 665 742 numero
680 679 802 742 habendi
821 695 905 754 suut,
927 705 1103 762 precamen
1120 680 1211 765 degli·

110 775 227 840 gantur.
271 763 329 823 lta-
342 764 434 842 igitur
448 765 575 824 larium:
596 765 773 825 conservabo
792 765 948 846 diligenter
969 771 1131 830 memoriam
1146 771 1209 832 eius

110 846 315 919 humanitatis,
345 853 453 925 quatu
477 869 522 906 me
545 850 759 920 immerentem,
785 849 852 910 talis
872 861 1022 929 tantusque
1044 854 1108 923 vir,
1132 873 1209 912 conr*
1266 889 1269 894 ·

107 932 210 1010 plexus
232 951 285 990 es:
310 941 395 1008 utque
419 941 467 990 tuo
493 931 529 990 de
548 951 594 992 me
618 932 796 1010 amplissimo
815 941 900 1012 atque
921 934 1208 996 honorificentissimo

109 1015 297 1086 testimonio,
330 1027 463 1092 quantum
490 1015 519 1074 in
549 1035 595 1075 me
623 1016 696 1086 erit,
726 1015 930 1094 respondeam,
962 1017 1206 1080 modicensibus
1262 1049 1265 1058 J

108 1112 225 1176 operam
240 1174 243 1178 .
258 1097 342 1175 dabo,
395 1099 594 1158 illustrissimo
621 1099 734 1177 quidem
761 1099 907 1160 Cardiuali
935 1099 1155 1172 Ferrarieasi,
1170 1102 1207 1162 ud
1292 1123 1298 1132 ·

108 1201 211 1259 quem,
235 1193 284 1256 tua
311 1182 489 1260 potissimum
510 1183 679 1242 ormontem
702 1181 858 1254 adductus,
883 1203 927 1242 nte
943 1187 1141 1263 cumprimum
1157 1206 1206 1263 poe

107 1275 172 1323 tero
195 1265 359 1346 conferam,
390 1267 595 1326 commissurus
613 1269 668 1324 non
687 1285 769 1337 sun,
797 1279 829 1324 ut
850 1286 970 1345 uuquam
989 1270 1089 1327 uenire
1113 1270 1206 1347 possit

105 1349 139 1404 in
158 1359 299 1419 mentem,
323 1347 397 1426 quod
417 1347 500 1411 fidem
520 1359 595 1408 luant
619 1349 649 1408 in
672 1355 718 1407 ine
740 1349 904 1428 reeipimdo
920 1361 1036 1410 secutus
1054 1352 1111 1422 sit,
1137 1371 1205 1430 poe.-
1304 1349 1305 1357 ’

105 1431 217 1501 nitere,
255 1431 342 1494 Vale.
364 1431 420 1492 lll.
440 1432 523 1493 Nou.
548 1431 623 1492 Feb.
646 1429 810 1494 MDLvtt.
832 1432 964 1510 Patauio,

329 1615 458 1679 xnvn.
502 1614 669 1678 usuum
695 1570 974 1678 ruunoutoss

106 1733 183 1824 Nou
203 1774 270 1850 puto
293 1751 454 1827 nllamihi'
468 1768 653 1828 excusatione
673 1765 747 1852 apud
764 1777 798 1828 te
814 1765 948 1828 amnium
971 1763 1203 1844 esse,'quod'ad

106 1859 137 1906 te
163 1848 263 1906 rarius
284 1849 417 1921 scribam.
469 1847 544 1909 Nam
567 1851 624 1910 turn
645 1849 900 1930 'demum'peeeare
928 1849 995 1928 'ipse
1023 1849 1103 1907 mibi¹
1123 1848 1227 1908 vide?
1255 1859 1259 1864 ’

106 1951 173 2002 rer,
208 1933 234 1990 si
257 1934 327 1990 tanti
353 1953 398 1992 me
419 1933 560 2005 lacerem,
592 1943 624 1994 ut
643 1935 714 2006 tibi,
744 1935 904 2000 tartto'vlto
924 1935 1067 2011 tantisque
1086 1931 1203 1991 assidue

106 2015 340 2102 occupationibus
361 2015 515 2095 impedito,
546 2017 712 2096 frequenter
732 2018 835 2077 litteris
853 2018 924 2076 meis
947 2011 1200 2095 obstreperem.*)

105 2096 233 2175 Ideoque
250 2100 383 2158 contineo
404 2119 468 2158 mex
495 2111 524 2158 et
536 2115 606 2158 eum
624 2099 750 2178 quotidie
767 2099 803 2158 de
818 2111 848 2158 te
862 2101 983 2176 cogitem
996 2110 1134 2176 urumque,
1159 2099 1200 2156 uti

106 2179 215 2252 debeo,
246 2201 299 2260 pro
328 2193 376 2242 tua
404 2183 496 2242 salute
518 2193 602 2262 atque
628 2183 961 2252 incolumitatelaeiam,
994 2183 1023 2240 iu
1047 2182 1162 2240 scribe
1221 2191 1286 2239 tte·

106 2285 169 2324 sum
194 2261 367 2347 rarior,**)
391 2285 482 2346 neque
506 2286 625 2344 unquam
644 2263 679 2332 id,
695 2265 791 2336 facio„
811 2265 868 2342 nisi
883 2285 945 2324 cum
959 2257 1066 2342 aliquid
1080 2263 1196 2336 accidi,

105 2359 157 2420 ut,
180 2347 237 2406 nisi
261 2349 424 2428 scripsero,
446 2348 538 2408 officio
553 2347 653 2412 uidear
667 2347 826 2410 defuturus.
852 2345 1040 2422 ,Qtrale‘esm
1064 2345 1137 2426 quod
1155 2367 1200 2406 me
1234 2381 1240 2396 ,

105 2431 160 2490 boe
181 2441 309 2510 tempore
330 2443 361 2490 ut
384 2433 540 2492 scriberem
557 2429 688 2492 adduxit,
728 2429 800 2490 Cum
816 2431 891 2490 enim
905 2451 995 2510 nuper
1011 2441 1075 2490 octe
1093 2429 1200 2490 Varia·

105 2536 167 2574 rum
180 2513 350 2574 Lectionum
364 2515 453 2574 libros
471 2513 641 2574 edidissem:
666 2515 723 2574 etsi
734 2515 806 2580 satis
823 2515 1026 2592 intelligebam,
1040 2513 1200 2576 eoslevio-
1257 2578 1259 2582 ,

14 2603 15 2606 ’
104 2619 152 2658 res
178 2617 264 2670 esse,
285 2618 366 2680 quam
390 2611 421 2658 ut
439 2609 488 2670 tu,
512 2617 593 2676 quern
610 2597 683 2656 nibil
699 2599 754 2657 nisi
772 2599 947 2676 praeclarum
965 2599 1051 2678 atque
1066 2597 1199 2656 eximium

14 2693 15 2700 ’
105 2683 199 2761 capit,
226 2681 311 2740 ullam
330 2703 460 2760 magnam
479 2683 651 2760 voluptatem
668 2701 704 2740 ex
720 2701 817 2740 eorum
830 2679 954 2741 lectione
969 2681 1118 2759 percipere
1134 2700 1199 2758 pos·

14 2839 16 2846 ¹
104 2786 173 2836 ses,
195 2763 320 2825 iudicavi
337 2777 430 2828 tamen
448 2766 562 2824 omniuo
580 2765 648 2825 mihi
665 2761 823 2824 laciendum
840 2783 918 2835 esse,
941 2775 1083 2823 uteorum
1103 2781 1199 2820 exent-

104 2842 273 2928 plurumum
296 2845 331 2907 ad
351 2860 380 2908 te
404 2850 562 2908 mitterem:
586 2866 678 2926 neque
699 2842 843 2918 dubitavi,
867 2848 933 2926 quin
955 2857 984 2904 tu
1004 2866 1054 2906 eos
1077 2845 1200 2907 libenter
1304 2876 1308 2886 ν

104 2943 274 3012 accepturus
294 2951 398 3002 esses3
420 2931 466 2992 vel
483 2932 549 3010 puio
563 2931 618 2990 mei
635 2930 785 3001 sunt„vel
800 2929 865 3008 quia
879 2929 982 3007 ¹scripti
999 2927 1034 2988 ad
1052 2948 1127 2999 euin,
1151 2929 1199 3006 qni

106 3026 136 3073 nt
153 3035 173 3094 a
196 3027 225 3074 te
246 3011 432 3094 singulariter
453 3025 580 3086 amatur,
603 3014 644 3073 ita
662 3025 690 3072 te
711 3013 774 3092 ipse
792 3011 951 3072 admirabili
968 3031 1135 3070 uouemere
1152 3019 1200 3069 so-

105 3097 183 3171 lum,
207 3097 259 3156 sed
274 3099 350 3157 cultu
364 3097 473 3157 medius
487 3097 569 3158 fidius
586 3109 670 3176 atque
688 3095 868 3156 observantia
884 3096 1074 3178 prosequitur.
1104 3094 1198 3154 Unum

106 3177 173 3252 cst,
188 3181 267 3260 quod
286 3201 443 3260 quanquam
463 3181 532 3240 mibi
551 3183 684 3240 conscius
707 3200 768 3238 sum
789 3199 834 3238 me
848 3179 953 3258 optimo
969 3180 1065 3238 animo
1078 3177 1197 3248 lauisse,

106 3276 200 3324 tamen
220 3267 285 3344 quia
306 3266 368 3324 lieri
389 3276 493 3344 potest,
517 3275 549 3324 ut
569 3264 756 3324 confidentius
775 3263 805 3322 in,
825 3282 860 3322 eo
879 3283 922 3322 me
940 3263 1092 3347 gessepim,
1117 3279 1233 3338 qnam»
1312 3333 1317 3340 Ι

107 3347 245 3420 decebat,
268 3343 320 3428 pei
341 3347 426 3432 illam,
443 3359 471 3408 et
491 3347 556 3407 aliis
575 3359 605 3408 et
620 3348 688 3406 ntibi
703 3345 833 3426 inprimis
848 3356 1023 3424 perspectam
1042 3343 1221 3402 humanitas-r
1274 3371 1275 3374 ¹

108 3443 164 3490 tem
186 3443 263 3490 tuam
284 3431 353 3490 mihi
373 3442 404 3490 ut
422 3433 574 3510 ignoscas,
600 3433 685 3490 etiam
702 3442 786 3508 atque
803 3430 915 3489 etiamn
933 3440 962 3487 te
979 3439 1055 3506 peto.
1099 3425 1198 3484 Ausus
1234 3501 1237 3506 r

108 3517 183 3588 cuim
205 3525 274 3574 sum
289 3514 408 3594 quodam
428 3535 464 3574 ex
485 3516 533 3592 eis*
550 3515 632 3579 libris
649 3509 797 3593 locum)
820 3513 967 3571 nominare
985 3522 1026 3582 te,
1049 3529 1083 3568 ae
1098 3515 1198 3568 versus

108 3599 193 3657 etiam
218 3598 323 3678 aliquot
343 3617 466 3678 ponere,
500 3599 547 3676 qui
573 3584 641 3658 mibi
660 3599 690 3657 in
709 3597 844 3656 memoria
860 3595 1013 3654 haeserant
1029 3612 1064 3650 ex
1079 3591 1198 3672 edyllio,

107 3680 183 3760 quod
203 3681 332 3749 olimad
351 3693 382 3742 te
400 3684 465 3740 misi
487 3702 542 3740 uua
560 3701 622 3740 cum
643 3679 810 3759 tragoedia,
841 3674 922 3756 quam
946 3676 981 3736 de
1002 3673 1038 3734 C.
1062 3673 1199 3736 Caesaris

109 3763 197 3824 caede
218 3759 320 3824 factnm
345 3767 374 3824 iu
397 3766 578 3824 tuovuomine
600 3763 822 3842 divulgaveram.
868 3761 933 3836 Qua
953 3761 981 3821 in
1004 3779 1035 3818 re
1057 3759 1082 3818 si
1098 3757 1200 3836 quida

14 3847 16 3928 l
108 3869 152 3908 me
166 3859 314 3928 peceatum
330 3859 386 3921 est,
414 3846 499 3930 (nibil
516 3849 590 3910 enim
607 3847 759 3908 debueram
777 3857 805 3905 te
820 3843 979 3904 inconsulto
995 3843 1101 3914 faeere,
1116 3861 1200 3922 prae·

164 4046 198 4102 n]
220 4046 330 4092 Imitatur
349 4045 504 4102 ciceronem
526 4045 555 4090 ct.
577 4055 615 4099 eu.
629 4045 661 4090 ad
674 4047 742 4092 Fam.
756 4045 786 4092 V.
801 4043 824 4089 4.
855 4017 972 4098 Qulbe'res
986 4039 1058 4099 feeit,
1078 4041 1103 4084 ut
1117 4041 1159 4082 tttt
1170 4040 1204 4082 e·-

86 4105 167 4150 vterta
181 4105 318 4158 obstrepere
331 4113 379 4148 noa
392 4106 508 4148 auderem
537 4103 631 4148 Kanna.
688 4103 689 4109 ’

104 4199 106 4203 ·
168 4176 221 4231 bb)
241 4176 322 4231 Magis
343 4175 529 4231 enuticusunus
549 4174 643 4219 dicenti
664 4183 741 4228 genus
762 4175 806 4218 est.
841 4172 926 4216 cicero
941 4169 1024 4215 scribit
1038 4169 1069 4212 net
1083 4170 1149 4212 Foru.
1165 4169 1204 4212 tv.

17 4237 21 4242 '
114 4234 154 4278 ta.
181 4235 261 4278 Raros
275 4236 329 4278 tuos
344 4235 450 4288 emuntur,
472 4234 514 4277 seu
527 4241 611 4276 moves
625 4231 1010 4286 montemmaranum.
1028 4226 1066 4279 tlt,
1082 4225 1205 4281 ttatvtd.
1244 4225 1248 4236 '

116 4293 203 4338 atteret
219 4289 374 4340 adLambtn.
390 4301 427 4346 ep.
442 4289 465 4346 9.
495 4288 555 4343 un.)
586 4290 696 4342 damnata
706 4289 791 4335 resim
804 4287 871 4332 oute
884 4287 970 4330 matta
998 4283 1091 4332 damn.

172 4363 248 4421 arn)
262 4363 327 4411 vm.
342 4373 394 4421 esu.
409 4365 431 4412 1.
447 4372 501 4420 pas.
518 4361 572 4408 tte.
586 4363 616 4408 u.
644 4363 689 4408 ru.
753 4401 754 4404 ,
