2980 5074
191 390 195 400 ¹
264 297 330 372 au
662 295 777 362 annm
803 293 947 368 runnu
1103 346 1109 361 ,
1328 351 1339 372 ,

199 517 249 569 ao
288 505 388 572 Lxx.
432 495 1081 660 ⁰RN⁸T¹⁸⁸ffl⁸gssffiqffffl⁸⁸¹ffl
1113 509 1342 578 sonaulrarr

314 708 346 757 nv
360 707 489 784 scaeua
502 707 675 768 rsrsvnvn
688 707 981 754 mnmrannnunmu
996 703 1117 753 sanum
1132 706 1319 758 conrnrmn

519 797 566 862 Μ.
596 797 852 862 ANTONIUS
875 795 1112 862 MURETUS

739 911 780 970 ,8,
814 912 894 983 ω)
998 911 1001 914 ·

268 1012 387 1106 Tanto
410 1039 478 1104 Idus
502 1039 643 1114 lauradi,
665 1061 728 1102 cum
753 1041 809 1100 iam
832 1037 1103 1121 advesperasceret,
1132 1041 1232 1122 accepi
1253 1039 1369 1102 litteras

268 1138 394 1199 vestras,
416 1127 471 1187 hoc
484 1136 529 1188 est
546 1145 581 1186 eo
597 1125 661 1206 ipso
675 1123 742 1196 dia,
767 1143 822 1204 qao
838 1123 981 1184 tabellarii
997 1123 1116 1204 publici,
1141 1126 1189 1206 qui
1205 1126 1290 1186 statis
1306 1125 1370 1186 die·
1473 1131 1474 1186 l

268 1207 322 1270 bus
337 1211 403 1272 hinc
416 1211 557 1272 Venetins
573 1219 653 1282 eunt,
678 1209 735 1270 iter
749 1208 911 1292 ingressuri
926 1218 1026 1268 erant:
1051 1229 1106 1295 qao
1126 1208 1312 1282 factumest,
1336 1220 1371 1269 nt

269 1295 366 1356 statim
380 1289 554 1372 respondere
568 1313 624 1353 non
636 1291 787 1372 potuerim.
813 1289 961 1352 Postridie
973 1301 1066 1352 autem
1082 1291 1146 1370 eius
1163 1289 1221 1352 diei
1227 1288 1283 1372 W)
1298 1311 1370 1352 coa-

203 1421 206 1428 ,
268 1379 334 1438 veui
347 1377 471 1456 legatum
481 1377 637 1447 Venatum,
653 1385 684 1434 ut
697 1394 733 1435 ex
745 1394 780 1435 ea
794 1393 1010 1453 cognoscerem,
1026 1395 1091 1434 anm
1104 1371 1172 1454 quid
1184 1376 1213 1434 in
1227 1373 1370 1436 mandatis

268 1459 419 1522 habuisset
430 1479 465 1520 ea
478 1456 514 1521 dc
530 1477 573 1532 re,
597 1456 634 1519 de
647 1477 701 1538 qua
715 1478 766 1518 vos
780 1454 817 1518 ad
832 1477 876 1516 me
889 1458 1083 1518 amantissime
1099 1469 1129 1518 et
1141 1453 1372 1521 honorificentis-
1474 1527 1475 1544 χ

269 1543 342 1605 sime
356 1543 550 1623 scripseratis.
577 1539 705 1620 Negavit
715 1538 867 1622 quidquam
880 1539 918 1602 ad
929 1559 962 1600 se
975 1540 1033 1602 tale
1045 1551 1095 1600 aut
1106 1561 1124 1600 a
1134 1541 1306 1602 Triumviris
1320 1551 1371 1602 aut
1474 1553 1475 1582 ³

268 1645 441 1706 equaquam
460 1625 518 1687 alio
537 1623 674 1704 scriptam
692 1643 769 1686 esse.
814 1621 863 1684 Er
878 1643 934 1704 quo
951 1624 1036 1684 laeile
1052 1624 1216 1706 intelligere
1232 1627 1369 1704 potestis,
1474 1629 1475 1678 ἶ

268 1731 325 1772 nan
341 1721 446 1772 tantam
462 1707 562 1770 haberi
578 1707 799 1770 honestissimae
813 1706 966 1769 voluntatis
981 1719 1097 1768 vestrae
1110 1710 1262 1780 rationem,
1282 1727 1371 1787 quan·

269 1804 327 1854 tam
342 1813 395 1874 par
409 1803 481 1856 erat.
515 1791 640 1853 Omnino
656 1801 750 1852 autem
762 1787 846 1852 video
864 1791 1003 1852 rationem
1019 1790 1095 1852 illam
1110 1789 1265 1853 medendae
1282 1811 1371 1856 verae

161 1937 171 1956 δ
220 1941 225 1948 ,
266 1891 304 1938 'ac
321 1873 430 1936 solidae
445 1873 712 1956 lurisprndeutiae‚
734 1893 807 1954 quae
825 1869 911 1954 hodie
932 1868 1076 1934 iuGallia
1099 1875 1187 1954 viget,
1210 1873 1292 1935 ltalis
1312 1894 1371 1934 noa

268 1960 405 2042 placeres
429 1960 485 2020 etsi
503 1978 558 2038 ego
574 1954 686 2038 quidem
705 1957 735 2018 iu
754 1957 807 2018 hac
826 1957 908 2031 urbe,
932 1977 995 2018 cum
1012 1958 1102 2019 libros
1118 1957 1371 2036 Digestorumin·

270 2053 457 2124 terpretarer,
478 2043 626 2104 multorum
640 2039 735 2101 studia
747 2061 967 2114 commoverem,
989 2041 1101 2122 iamque
1114 2040 1184 2102 illud
1196 2051 1369 2102 consecutus

197 2139 201 2148 “
270 2145 362 2200 eram,
386 2137 418 2186 ut
433 2126 563 2208 plerique
579 2125 712 2197 istorum,
735 2126 783 2206 qui
797 2145 900 2206 magno
915 2125 991 2186 fasta
1004 2125 1089 2198 illas,
1114 2145 1183 2204 quas
1198 2145 1251 2198 vps
1266 2127 1370 2186 merito
1475 2157 1476 2182 n

248 2273 249 2280 ,
270 2209 454 2284 aversamini,
476 2209 600 2290 ineptias
616 2205 729 2281 doceat,
754 2208 809 2268 soli
824 2210 854 2268 in
868 2207 974 2272 scholis
988 2201 1227 2290 relinquerentur.
1267 2207 1371 2288 ltaque

270 2293 383 2374 quidam
402 2311 439 2354 ex
458 2293 501 2352 eis
521 2290 653 2352 adierunt
669 2289 839 2354 Pontificem
860 2312 895 2356 ac
915 2312 986 2370 cum,
1003 2311 1038 2352 eo
1059 2303 1192 2370 egerunt,
1216 2302 1247 2351 ut
1266 2312 1304 2352 ne
1325 2309 1371 2352 ane
1475 2363 1476 2376 χ

270 2377 348 2438 illam
363 2374 482 2437 docendi
499 2376 575 2437 luris
592 2375 730 2437 rationem
746 2386 845 2455 tenure
862 2387 1030 2456 pateretup3
1053 2377 1159 2456 alioqui
1179 2375 1254 2446 lore,
1277 2387 1309 2434 ut
1326 2376 1371 2434 iu·

269 2473 371 2522 ventus
391 2459 528 2520 orationis
551 2459 691 2520 suavitate
712 2470 795 2540 capta
816 2459 993 2540 praeclaram
1013 2457 1125 2519 Bartnli
1148 2471 1183 2520 et
1198 2459 1297 2518 talium
1319 2457 1371 2518 do·

270 2545 390 2604 utrinam
410 2541 611 2623 repudiarent3
643 2541 817 2622 sequidem,
840 2543 867 2603 si
884 2562 939 2622 ego
954 2542 1074 2622 ulterius
1091 2561 1255 2624 pergerem,
1280 2537 1371 2602 desti·

272 2637 353 2692 turos
374 2627 524 2707 potiusque
545 2646 578 2688 se
601 2622 721 2686 docendi
741 2645 858 2688 munere
876 2625 1069 2688 abdicaturus.
1114 2624 1192 2702 Quid
1213 2623 1320 2706 plura?
1341 2621 1373 2686 at
1476 2663 1477 2684 l

272 2710 330 2791 ipsi
345 2709 429 2770 facile
446 2720 652 2790 persuaserunt
664 2707 738 2788 quod
749 2709 893 2783 volebant,
918 2721 947 2772 et
959 2729 1014 2790 ego
1027 2731 1084 2770 non
1099 2728 1186 2789 aegre
1204 2728 1281 2768 ame
1296 2707 1371 2768 ohti-
1476 2721 1477 2728 ¹

271 2794 336 2855 neri
360 2813 462 2875 passus
483 2813 556 2868 suar,
580 2805 610 2854 ut
627 2814 720 2854 annuo
739 2793 958 2874 quingentorum
980 2813 1125 2853 rumorum
1146 2813 1297 2852 aureorum
1317 2793 1371 2852 sti-

271 2874 376 2958 pendio
389 2877 548 2958 proposito,
563 2875 743 2958 eloquentiae
754 2878 847 2958 potins
863 2886 892 2938 et
903 2877 1034 2958 politices
1047 2888 1203 2957 praecepta
1213 2874 1369 2950 traderem.

271 2959 374 3042 Nuper
383 2962 480 3034 etiarn,
491 2979 554 3022 curn
569 2981 614 3024 me
628 2959 790 3042 Stephanus
803 2959 1015 3022 PoloniaeRex
1029 2961 1114 3020 tantis
1124 2959 1277 3040 propositis
1287 2979 1373 3038 prae·
1412 2965 1416 2986 ”

210 3062 260 3115 nno
274 3045 353 3118 ruiis,
377 3055 481 3124 quanta
494 3044 543 3104 vix
556 3045 685 3124 cuiquam
702 3043 752 3104 alii
769 3043 934 3124 culusquam
948 3045 1021 3104 artis
1038 3041 1206 3104 Professori
1225 3041 1280 3102 hoc
1300 3052 1372 3102 tear-

272 3146 343 3208 pore
357 3129 503 3208 proposita
517 3127 610 3188 fuisse
624 3128 742 3198 scimus,
752 3125 938 3188 iuPoloaiam
947 3138 1108 3198 evocasset,
1123 3125 1261 3188 Pontifex
1284 3137 1317 3184 ut
1327 3144 1374 3188 me

272 3211 302 3270 in
320 3211 391 3272 urhe
407 3211 557 3283 retineret,
576 3221 676 3292 suapte
694 3207 795 3290 sponte
810 3207 847 3270 ad
862 3221 944 3272 vetus
961 3209 1032 3272 illud
1048 3208 1218 3290 stipendium
1230 3167 1373 3290 qhingen·
1412 3271 1414 3276 ,

272 3303 365 3354 torum
385 3291 522 3354 ducentos
541 3303 694 3374 praeterea
711 3313 811 3354 numos
829 3313 933 3354 aureos
953 3313 1062 3356 annuos
1078 3292 1203 3366 addidit,
1228 3311 1373 3373 porroque

273 3397 306 3437 se
329 3378 416 3437 multa
440 3376 579 3436 iacturam
597 3375 760 3457 pollicetur,
784 3396 839 3457 quo
855 3377 924 3438 mihi
940 3377 1032 3456 magis
1049 3378 1079 3436 in
1093 3376 1163 3437 urbe
1181 3395 1247 3436 essa
1266 3371 1368 3438 libanu

273 3460 339 3535 Quo
353 3459 443 3540 igitur
458 3459 487 3519 in
506 3470 581 3520 statu
601 3479 649 3520 res
673 3460 723 3533 sit,
744 3459 861 3520 videtis.
906 3460 1053 3522 Hesterno
1067 3459 1178 3540 quidem
1195 3457 1242 3518 die
1259 3461 1372 3534 curavi,

273 3554 305 3604 ut
321 3545 383 3622 ipse
396 3542 532 3604 Pontileir
545 3537 598 3622 per'
611 3555 754 3604 oratorem
766 3541 858 3622 Regis
874 3541 998 3616 Galliae,
1017 3545 1064 3622 qai
1080 3541 1125 3602 lni'c
1143 3555 1197 3615 est,
1223 3541 1258 3601 de
1273 3555 1374 3604 vestra

273 3625 407 3688 audiendi
423 3628 481 3686 mei
496 3625 650 3706 cupiditate
664 3628 774 3687 certior
789 3627 880 3688 heret.
926 3627 986 3702 Qui
995 3647 1062 3690 cum
1078 3627 1132 3686 hoc
1147 3625 1273 3686 libenter
1288 3644 1373 3687 acce·

212 3783 215 3788 Ι
271 3711 351 3791 pisse
373 3711 453 3770 visus
475 3720 571 3770 assata
604 3714 664 3772 Cur
678 3731 735 3774 aon
752 3713 818 3792 apsi,
842 3709 946 3790 inquit,
968 3714 1066 3790 potrus
1083 3711 1140 3770 buc
1156 3709 1295 3770 veneunt?
1321 3731 1377 3772 aa«

272 3795 414 3873 captentur
433 3795 507 3853 enim
522 3813 540 3853 o
555 3794 638 3854 nohis
650 3799 729 3854 omni
742 3813 849 3872 genere
863 3797 1068 3854 humumtotr's:
1089 3813 1182 3872 aeque
1202 3803 1270 3852 tunc
1285 3796 1374 3872 abspe-

271 3879 397 3948 diemus‚
423 3896 479 3956 quo
500 3879 594 3962 mrbus
605 3879 740 3938 Muretus
760 3878 908 3939 urdeham
919 3895 972 3936 suo
988 3879 1102 3938 albeum
1113 3877 1218 3936 studuit
1233 3875 1374 3955 obsequo-

273 3969 333 4022 tur.
363 3957 453 4020 Certe
466 3959 603 4020 Pontifex
619 3960 682 4039 ipse
695 3961 921 4042 propensissime
936 3969 985 4022 est
1002 3961 1033 4020 in
1048 3970 1163 4040 gentem
1180 3968 1308 4020 vestram
1323 3979 1374 4020 vo-

330 4153 364 4211 e)
379 4155 521 4210 meseonem
534 4152 697 4211 praecedeuti.
726 4156 839 4204 uacuas.

186 4261 193 4268 a
328 4225 381 4284 mo)
403 4229 455 4273 llos
476 4227 599 4283 genitivos
619 4228 710 4274 audere
731 4229 812 4275 solent
829 4228 874 4286 qul
896 4227 993 4276 delnlte
1013 4231 1174 4286 eooumteoue
1188 4228 1303 4278 scribant
1334 4229 1372 4277 cl.

272 4286 368 4340 Zumpt.
384 4287 487 4330 Gramma.
501 4286 555 4334 Lat.
569 4285 600 4386 ἕ.
617 4285 671 4330 743.
686 4285 709 4329 4.
731 4297 787 4340 pag.
801 4286 857 4333 600.
886 4288 928 4332 sle
942 4287 1027 4333 Cicero
1042 4287 1073 4332 ad
1088 4287 1140 4332 Att.
1155 4287 1197 4332 111.
1213 4287 1235 4331 t.
1264 4287 1374 4332 mmmc-

272 4344 346 4394 stuum
366 4340 450 4398 lnquit,
465 4341 519 4386 uerti
532 4352 563 4386 m
609 4342 677 4388 XIV.
691 4341 746 4386 Kal.
761 4343 821 4387 Mat.
849 4345 887 4388 lto
900 4345 940 4388 «tto
952 4345 1023 4397 pareri
1036 4345 1071 4387 tud
1084 4343 1140 4386 urim
1154 4355 1169 4388 u
1182 4345 1206 4388 te
1219 4343 1302 4388 weron
1315 4346 1373 4389 red·

272 4393 1270 4454 manaremvnomnneaenteruuneaomanumtuemuuuema.
1298 4403 1345 4448 rs.
