2980 5074
663 179 679 217 Q

683 301 936 368 IUVENILIUM

352 482 413 539 tuo
433 475 482 536 Ne
503 467 613 554 mandri
632 471 751 554 posthae
772 489 858 532 caesa
878 489 992 534 rursum
1012 469 1141 552 pullulet.

433 557 529 620 BRU-
559 555 647 616 Latet
666 556 719 616 sub
741 576 797 616 uno
818 565 878 614 tota
899 553 982 620 radix
1003 575 1136 636 corpore.

434 639 549 704 CASS.
578 640 653 700 lteu’
674 637 812 702 videtur?
832 637 953 717 emplius
976 638 1018 698 nil
1034 638 1197 718 proloquar.

434 725 503 788 Tibi
525 733 675 805 pareatum
697 733 727 782 te
749 721 894 802 sequimur
914 741 1012 782 omnes
1034 721 1143 782 dueern.

434 802 512 871 vite
526 804 621 878 modo,
639 817 681 879 ut,
698 825 761 866 eum
777 823 847 886 opus
864 805 930 877 erit,
945 803 1035 866 adsis.
1058 803 1153 886 ulau,
1176 803 1287 868 videro.

353 897 414 954 tea
435 889 548 954 CASS.
571 889 639 968 Ego
652 889 767 950 interim
783 907 884 969 meque
904 899 933 948 et
947 907 1027 950 meos
1041 891 1192 970 paravero.
1211 958 1214 966 Ι

617 1070 995 1134 CHORUS.

411 1190 618 1303 xQuicunque
638 1221 706 1282 lorti
726 1233 843 1302 pectere
862 1222 983 1302 patriam

433 1309 591 1370 Praeferre
610 1307 688 1367 vitae
707 1327 763 1366 nnn
784 1304 892 1366 dubitet
913 1325 1000 1378 suae,

435 1391 477 1452 Ut
496 1391 540 1452 vel
561 1409 614 1470 per
635 1409 740 1462 enses,
763 1401 880 1469 propter
900 1389 995 1462 ullam,

305 1471 308 1480 ’
435 1467 648 1554 oppositasque
669 1474 779 1534 leretur
800 1471 899 1552 ignes:

354 1564 416 1620 200
520 1558 588 1618 Non
611 1576 736 1616 summus
759 1555 803 1615 illi
823 1575 919 1616 rernm
940 1555 1039 1636 opifex
1059 1553 1141 1618 Deus

438 1641 530 1720 Pigro
552 1641 676 1702 revinxit
694 1649 812 1718 pectore
832 1639 962 1718 frigore,

436 1723 496 1786 Serl
518 1724 637 1802 spiritus
658 1721 749 1782 cessit
770 1721 927 1801 superbos,
990 1725 992 1730 '

439 1805 664 1884 Indomitamque
685 1805 788 1865 timere
810 1816 950 1866 menteme

301 1953 304 1959 Δ
518 1888 561 1949 Et
580 1888 710 1950 bullienti
731 1887 852 1968 plurime
874 1888 1013 1968 sangnine

354 1978 416 2034 203
437 1970 583 2034 Caelestis
603 1992 690 2033 auree
713 1971 822 2032 semiue
841 1969 987 2044 condidit,

437 2055 480 2116 Et
499 2054 591 2116 dixit:
622 2054 655 2128 l,
679 2055 790 2135 plebem
811 2065 973 2136 prementes
1058 2071 1062 2079 ·

438 2139 586 2212 Contere,
610 2139 650 2198 nil
671 2140 799 2211 veritus,
821 2149 971 2219 tyrannos.

520 2223 586 2282 Hae
608 2232 674 2282 arte
694 2233 843 2302 praestans
866 2219 1041 2282 Harmodius
1062 2239 1129 2282 suos

439 2305 590 2377 Servavit,
614 2325 669 2365 uno
691 2306 775 2366 nixus
799 2305 939 2364 amiculo:

355 2393 418 2450 ute
436 2389 522 2448 Nune
544 2390 690 2468 utriusque
711 2389 826 2448 excelsa
845 2390 950 2448 llorent
1064 2453 1067 2457 ,

436 2471 564 2532 Nomina
585 2493 641 2530 non
662 2470 812 2532 tribuenda
834 2473 938 2531 servis.
1099 2529 1101 2536 ,

523 2555 604 2629 Ques
627 2555 652 2614 si
673 2555 781 2614 otiosos
805 2565 865 2614 tute
887 2574 919 2614 se
939 2573 1010 2616 nens
1031 2556 1116 2616 timer

439 2636 532 2698 Ferte
554 2646 707 2698 avocasset
726 2637 812 2696 rebus
834 2635 869 2696 ab
890 2575 1008 2710 erinis,

443 2721 502 2795 Qui
522 2731 649 2780 mortuns
671 2719 846 2800 consumpsit
866 2720 962 2798 ignis,

356 2810 418 2866 sslli
439 2804 563 2866 Nomina
583 2824 640 2864 nen
661 2805 754 2863 minus
776 2803 934 2864 obruisset.
957 2834 959 2844 =

526 2886 617 2950 Caret
636 2907 755 2948 severus
776 2885 896 2960 erimine
918 2884 1086 2964 Cereales,

439 2969 482 3032 Et
502 2970 585 3033 laude
608 2969 710 3050 dignus
729 2969 876 3042 ereditur,
900 2969 974 3029 baud
993 2971 1117 3052 probru,

442 3055 582 3128 Quamuis
603 3054 730 3114 feronem
751 3052 840 3114 caede
863 3050 991 3113 dextrum

427 3139 571 3218 Tingere
593 3137 634 3195 nil
654 3138 762 3198 veritus
785 3147 913 3214 paterna.

358 3225 443 3286 220·
525 3219 596 3280 otiu
617 3230 755 3300 tyrannos
777 3219 925 3298 luppiter,
949 3231 979 3280 et
1000 3219 1095 3294 levet,

326 3332 328 3336 ¹
442 3301 515 3366 Cum
539 3305 684 3384 quisquam
705 3303 734 3384 in
756 3303 821 3362 illos
845 3303 994 3365 eonsilium
1016 3316 1115 3384 parat:

442 3387 568 3467 lllosque
586 3387 662 3446 natis
685 3405 771 3464 saepe
792 3383 880 3446 tradit

442 3470 658 3550 Coniugibusue
682 3469 742 3528 suis
763 3466 917 3534 necandos.

496 3589 499 3596 ·
531 3555 558 3614 0
583 3565 651 3633 quot
671 3553 828 3632 quibusque
849 3565 894 3612 est
916 3553 999 3634 plena
1019 3554 1153 3633 perieulis
1269 3603 1279 3616 .

360 3642 420 3702 225
442 3639 513 3700 Sors
535 3637 743 3716 imperantum!
766 3635 920 3716 praecipue
941 3635 1042 3716 quibus

443 3721 512 3781 Non
533 3722 637 3788 elvium
657 3739 777 3780 concors
800 3720 950 3792 voluutas,

445 3805 505 3868 set
526 3804 655 3883 regimen
675 3822 815 3884 peperere
836 3803 926 3865 vires.

530 3887 647 3948 Plebem
669 3888 787 3960 timeto,
810 3887 858 3966 qui
879 3887 950 3946 solie
972 3883 1120 3960 insidens,

447 3969 532 4032 Plebi
553 3971 674 4031 timeris.
718 3969 798 4056 Fops
821 3967 879 4030 otii
900 3971 986 4031 timer

363 4057 425 4114 950
447 4051 565 4114 Audere
584 4056 669 4114 iussit
689 4053 775 4113 multa
795 4054 909 4121 multos.

376 4157 378 4162 ·
447 4139 542 4219 Saepe
564 4139 631 4216 gelu
651 4137 730 4196 ealor
752 4137 902 4198 excitatur.

531 4219 626 4285 Rarus
646 4231 783 4302 tyrannus
806 4231 897 4283 morte
918 4221 994 4298 perit
1016 4241 1086 4280 suar

351 4345 352 4348 η
447 4304 518 4364 llles
541 4324 650 4364 venene
670 4315 753 4363 eeuta
773 4315 857 4363 necat
876 4323 995 4377 manns,

448 4387 512 4450 Hos
531 4387 623 4468 plebis
644 4389 736 4448 iratae
759 4388 893 4447 tumultus
899 4429 912 4460 ‚
