2992 5066
280 329 324 396 ad
462 328 465 338 ’
620 385 622 398 ,
664 325 806 390 --tiuul
832 321 950 391 Putitii
1017 329 1022 334 '
1057 363 1060 374 .

281 505 346 568 est,
367 505 416 568 ut,
438 491 704 574 quos-admiramur
721 513 755 555 ac
775 493 1025 575 magnifacimus,
1047 513 1144 556 eorum
1165 491 1361 562 111111111κί-

282 599 329 640 ma
345 579 461 638 minima
485 597 661 658 cognoscere
684 579 837 657 cupiamus.
873 577 1034 658 'Rectaque
1055 599 1089 639 ac
1108 597 1177 639 vere
1200 575 1362 656 Xenophon

208 661 214 672 '
281 665 406 725 viromm
426 663 530 742 virtute
553 662 755 740 praestantium
776 681 831 722 non
852 662 930 720 seria
952 661 1052 736 modo,
1074 661 1125 722 scd
1143 671 1173 721 et
1194 662 1258 720 ioca
1277 657 1364 736 digua

282 765 350 808 csse
370 746 430 817 ait,
451 764 523 823 quae
543 745 697 804 memoriae
717 742 958 818 commendentur.
969 742 1007 828 a)
1050 745 1091 804 Et
1110 756 1189 805 certe
1204 745 1229 802 si
1247 742 1364 803 vascula

282 827 436 912 quaedam,
460 827 560 908 quibu's
576 828 617 886 illi
632 828 677 886 usi
693 839 786 900 erant,
809 839 839 887 et
850 828 917 899 alia,
941 828 1057 908 quaein
1074 847 1170 888 eorum
1187 825 1364 907 supellectile

282 933 317 974 ac
339 912 450 972 frivolis
474 912 603 982 fuerant,
624 912 743 970 mortuis
765 912 776 970 i
798 913 859 984 sis,
881 911 998 992 cupidos
1021 923 1161 991 emptores
1177 912 1360 970 invenerunt:

282 993 420 1078 quomodo
439 995 581 1054 lucernam
603 992 728 1073 Epicteti
742 997 780 1054 mi
794 996 820 1054 lc
834 991 976 1054 drachmis
984 1038 995 1067 ,
1017 995 1116 1055 Protei
1132 994 1220 1055 Stoici
1236 993 1364 1050 baculum

282 1081 389 1139 talento
402 1078 544 1138 venditum
558 1079 717 1156 accepimus
727 1101 734 1135 a
746 1076 897 1160 **)multo
907 1080 997 1157 magis
1012 1099 1109 1138 corum
1124 1075 1276 1158 quamlibet
1283 1071 1362 1158 aas)

281 1175 382 1224 tenues
405 1172 435 1224 ct
456 1163 546 1222 exiles
569 1162 706 1240 epistolae
728 1161 758 1223 iu
782 1163 873 1241 pretio
895 1181 961 1222 csse
982 1161 1096 1223 debent.
1141 1159 1201 1224 Sed
1222 1173 1277 1238 ego
1294 1159 1365 1218 hacc

200 1281 203 1287 ·
281 1247 377 1306 omnia
396 1265 504 1304 mecum
526 1246 656 1324 agitans,
680 1263 810 1304 caussam
830 1255 923 1304 tamen
941 1247 1070 1326 reperire
1087 1245 1190 1304 nnllam
1207 1261 1290 1322 queo,
1314 1259 1366 1300 cur

249 1385 258 1396 ,,
281 1331 403 1408 aliquem
422 1328 604 1408 epistolarum
623 1347 747 1387 mearum
762 1327 863 1388 librum
883 1327 981 1389 videre
996 1329 1075 1388 ntulti
1090 1330 1176 1400 istie,
1199 1337 1231 1385 ut
1248 1324 1363 1396 scribis,

281 1413 422 1491 elegantis
444 1413 551 1490 ingenii
576 1411 704 1472 homines
730 1412 940 1491 coucnpiscant.
984 1413 1054 1474 Sive
1068 1413 1142 1473 enim
1157 1411 1275 1470 Latinas
1290 1410 1367 1468 litte·

280 1489 329 1557 ras
350 1506 446 1555 amant
458 1495 496 1576 †)
518 1505 547 1554 ct
570 1493 605 1552 ad
620 1497 741 1573 aliquam
762 1493 865 1556 Latine
886 1494 1028 1555 scribendi
1044 1496 1204 1556 facultatem
1216 1493 1367 1573 pervenire

281 1581 415 1659 cupiunt:
439 1580 622 1657 quisquamne
635 1574 690 1638 'est
697 1620 708 1649 ,
732 1579 798 1658 qui,
820 1598 882 1638 cum
906 1589 1004 1638 extent
1024 1577 1192 1649 Ciceronis,
1224 1577 1364 1647 Senecae,

280 1662 369 1723 Plinii
393 1662 547 1741 epistolae,
572 1681 626 1721 non
643 1659 734 1720 dicam
755 1681 790 1722 ex
811 1663 902 1734 meis,
932 1661 981 1721 sed
1002 1682 1038 1721 ex
1051 1663 1235 1741 cuiusquam,
1258 1657 1366 1738 quibis

280 1747 360 1805 mille
383 1745 465 1822 aunis
490 1745 615 1816 vixerit,
641 1741 764 1804 Latinae
786 1746 901 1823 linguae
921 1758 970 1805 aut
985 1745 1177 1824 integritatem
1192 1754 1240 1804 aut
1255 1743 1367 1823 copiam

281 1829 337 1888 sibi
357 1826 505 1907 petendam
528 1827 628 1908 putct'l
657 1826 736 1888 ldcm
758 1830 850 1891 etiam.
868 1827 903 1887 dc
926 1829 976 1888 illo
995 1831 1180 1906 qualicunque
1198 1824 1367 1886 scribendae

282 1912 420 1992 epistolae
441 1910 562 1972 artificio
580 1909 712 1972 dixerim.
758 1910 836 1986 Quid
850 1913 925 1970 enim
941 1923 990 1972 ant
1002 1911 1096 1972 Plinio
1112 1912 1236 1971 limatius
1252 1919 1300 1969 aut
1314 1909 1368 1969 Se·

210 2053 215 2070 ,
281 2015 353 2058 neca
364 1996 479 2072 gravius
497 2005 545 2054 aut
561 1991 702 2054 Cicerone
718 1994 747 2053 in
762 1995 837 2053 omni
851 2014 958 2072 genere
972 1987 1127 2075 perfectius
1143 1995 1234 2074 optari
1252 1990 1369 2072 potest?

283 2077 470 2140 Gravidurum
485 2079 633 2139 mulierum
650 2079 763 2138 morbus
783 2077 833 2138 ille
854 2080 957 2150 luerit,
980 2097 1062 2160 quae,
1085 2079 1222 2156 neglectis
1238 2077 1320 2136 bonis
1334 2095 1368 2134 ac

281 2161 444 2222 salubribus
471 2162 560 2232 cibis,
591 2163 689 2222 cinere
714 2181 746 2220 se
769 2181 964 2240 nonnunquam
991 2173 1020 2221 et
1047 2161 1216 2220 carbonibus
1236 2170 1365 2239 pascunt.

282 2246 329 2305 No
352 2264 400 2304 res
421 2244 531 2324 quidem
550 2247 630 2326 ipsae
652 2243 792 2304 adducere
813 2254 862 2303 aut
877 2245 999 2304 invitare
1015 2265 1178 2323 quemquam
1202 2253 1319 2325 possunt
1333 2240 1370 2307 ad

283 2329 420 2408 epistolas
442 2347 520 2388 meas
543 2327 646 2406 cupido
669 2327 816 2406 legendas.
861 2329 956 2387 llomo
970 2329 1044 2388 enim
1060 2330 1198 2407 privatus,
1221 2328 1267 2406 qni
1284 2327 1324 2384 ita
1339 2327 1370 2383 in
1451 2381 1456 2388 .

282 2413 365 2472 libris
388 2427 421 2470 ac
439 2412 544 2470 litteris
560 2413 775 2481 consenuerim,
799 2411 902 2469 nullam
918 2421 949 2467 ut
965 2430 1083 2488 uuquam
1099 2411 1241 2488 attigerim
1256 2409 1367 2489 reipub.

282 2505 410 2575 partem,
433 2493 536 2554 nullum
558 2513 677 2570 unquam
699 2492 847 2571 epistulam
874 2493 997 2570 scripsi,
1022 2493 1077 2552 nisi
1093 2511 1164 2570 qnae
1187 2490 1222 2550 ad
1236 2511 1298 2552 mea
1312 2511 1370 2550 non

282 2577 522 2656 magniflmomenti
537 2577 653 2654 negotia
665 2577 832 2655 pertineret.
877 2574 950 2649 Quis
965 2585 1057 2635 antem
1075 2595 1129 2654 ego
1144 2595 1216 2648 snm,
1240 2585 1280 2646 nt,
1296 2571 1370 2653 qnod

282 2671 427 2742 postremo
443 2660 505 2719 loco
521 2661 615 2740 posui,
638 2660 807 2718 auctoritate
821 2659 967 2737 quisquam
981 2658 1117 2718 adductus
1132 2679 1206 2730 mea,
1228 2678 1276 2718 res
1291 2678 1368 2718 meas

282 2763 460 2822 cognoscere
483 2742 600 2821 cupiat‘l
641 2741 729 2802 Mitto
744 2743 820 2814 iam,
844 2741 917 2820 quod
933 2759 995 2802 cum
1005 2744 1039 2822 jin
1055 2743 1177 2815 ceteris,
1201 2753 1258 2808 tum
1271 2743 1300 2800 ia
1316 2741 1371 2800 boc

281 2827 435 2910 praecipue
463 2845 572 2906 genere
593 2827 633 2885 ita
654 2827 805 2904 negligens
826 2845 905 2897 sum,
926 2835 958 2885 ut
975 2827 1109 2906 epistolas
1130 2835 1186 2886 duo
1208 2827 1312 2906 impetu
1328 2825 1371 2884 fu-

254 2920 258 2928 '
284 2932 351 2988 sas,
383 2931 449 2972 raro
465 2907 612 2969 admodum
636 2909 680 2968 bis
704 2905 816 2988 legere,
838 2920 919 2970 certe
936 2909 1048 2988 quidem
1069 2929 1208 2988 nunquam
1233 2910 1277 2970 bis
1299 2909 1371 2968 scri·
1440 2935 1442 2942 v

221 3010 268 3058 111
283 2995 372 3067 berc,
403 2991 453 3054 sed
477 3005 507 3054 ut
532 2995 650 3072 primum
676 2993 836 3064 lluxcrunt,
866 2993 1012 3052 liturarum
1039 3013 1125 3072 saepe
1146 3013 1179 3052 ac
1199 2993 1370 3052 macularum

282 3075 468 3164 plenas,·ad
492 3080 597 3135 amicos
623 3077 734 3136 mittere
754 3077 871 3136 soleam.
903 3076 1017 3154 ,ltaque
1034 3078 1148 3136 multum
1163 3077 1270 3154 negotii
1284 3075 1369 3133 lnabui

282 3163 388 3233 iniis,
412 3180 482 3238 quas
498 3159 532 3218 ad
551 3170 579 3220 te
594 3179 668 3218 nunc
682 3161 781 3231 mitto,
806 3157 986 3236 colligendis.
1031 3159 1106 3218 Nam
1121 3171 1235 3239 praeter
1252 3177 1368 3237 paucas,

264 3265 352 3324 ,quas
377 3244 534 3303 familiares
557 3242 669 3320 quidam
687 3245 743 3302 mei
765 3241 994 3322 descripserant,
1017 3255 1131 3304 ceterae
1148 3243 1184 3301 ab
1199 3243 1236 3300 iis
1250 3243 1321 3320 ipsis
1335 3239 1371 3300 ad

283 3349 353 3408 quos
377 3330 484 3386 missae
504 3339 601 3408 erant,
625 3337 674 3416 aut
694 3326 787 3386 abiis
808 3326 838 3385 in
864 3345 981 3405 quornm
1004 3347 1119 3399 manus,
1147 3326 1265 3384 mortuis
1285 3325 1368 3405 ipsis,
1392 3405 1394 3412 Α

338 3574 373 3630 u)
388 3573 424 3622 ci.
439 3583 494 3630 pag.
504 3573 558 3620 aad.
572 3576 602 3622 ll.
632 3578 676 3622 un.

338 3647 388 3703 1111)
402 3649 456 3694 vid.
472 3647 569 3692 lucian.
584 3649 639 3693 adv.
655 3648 741 3694 indoct.
758 3649 795 3694 13.
811 3650 836 3693 et
851 3647 887 3693 14.
903 3649 971 3695 dom.
984 3649 1047 3696 VIII.
1063 3647 1245 3695 1111111111.
1262 3657 1316 3702 pag.
1333 3647 1371 3692 15.

282 3705 324 3751 111
345 3707 450 3751 Proteus
472 3705 557 3750 dicitur
580 3707 691 3763 (putens,
712 3708 807 3752 stoicus
825 3706 960 3760 Epictetus,
983 3706 1052 3751 cuius
1071 3705 1166 3760 quidem
1180 3709 1279 3751 lucerna
1293 3705 1371 3749 dctiiis

281 3764 359 3810 trum
380 3763 546 3808 drachmarum
566 3764 667 3806 aditibus
688 3761 760 3808 luerit
782 3762 887 3808 vendita.
924 3763 1017 3810 similia
1031 3763 1105 3810 stiam
1121 3764 1255 3819 nunctiant
1269 3766 1294 3810 et
1307 3761 1372 3808 laeta

283 3820 393 3864 dicuntur
407 3819 433 3863 in
447 3819 558 3864 auctione
573 3820 732 3872 supellectilis
747 3820 891 3865 Kantisnae.
920 3823 965 3866 111.

340 3890 412 3946 cdd]
428 3889 463 3937 cl.
479 3891 533 3936 adn.
549 3901 603 3945 pag.
618 3891 656 3936 91).
672 3893 701 3938 ia
730 3895 775 3938 Fa.

339 3962 375 4025 †]
396 3965 458 4010 liuto
478 3965 583 4009 membro
603 3963 665 4018 quod
686 3965 831 4020 respondeat
852 3967 955 4010 aiterum
976 3963 1201 4022 peraestuans,
1221 3972 1269 4006 non
1283 3960 1372 4014 temtor

283 4022 405 4076 deinceps.
435 4023 482 4066 sed
498 4022 559 4066 satis
574 4020 688 4076 frequens
702 4025 838 4076 hocgenus
853 4023 990 4067 1111111111
1006 4025 1050 4078 cst,
1066 4027 1100 4078 ut,
1116 4033 1188 4076 quum
1203 4021 1249 4064 duo
1264 4020 1372 4066 membra

283 4080 330 4123 sibi
345 4079 448 4122 invicem
462 4079 608 4132 respondere
623 4079 723 4134 debent,
739 4081 842 4133 aiterum
856 4080 1031 4132 supprimentem
1047 4081 1081 4124 itu
1094 4083 1188 4134 tumen,
1204 4080 1230 4122 ut
1245 4075 1372 4122 1111111-

284 4147 328 4180 sus
342 4135 399 4179 aliis
414 4135 497 4180 uerbis
511 4139 652 4192 exponatur,
668 4137 740 4180 nexis
755 4135 872 4180 tiliacum
887 4145 917 4179 ea
931 4137 1059 4192 sententia,
1075 4145 1137 4188 quae
1152 4134 1183 4178 ad
1198 4132 1389 4186 priorismem-.

284 4191 322 4236 tri
342 4191 528 4246 explicationem
548 4191 645 4236 adiecta
664 4195 710 4237 est.
744 4193 798 4238 vid.
819 4193 941 4247 earegiam
961 4195 1025 4244 Aug.
1040 4193 1157 4237 1111111111
1177 4189 1373 4235 dissertationem

284 4250 315 4292 dc
334 4249 480 4294 malathis
492 4251 556 4303 opud
572 4250 723 4304 ciceronem,
745 4249 770 4292 11
784 4247 1373 4302 1111111111111111111111.111111
1435 4293 1439 4300 ,

285 4305 413 4358 opusculis
427 4317 505 4360 nuper
518 4313 535 4350 a
548 4307 632 4350 Mattn.
652 4306 723 4350 editis
743 4315 798 4360 pag.
812 4307 851 4350 sc.
873 4317 925 4360 sqq.
962 4303 997 4351 cf.
1020 4305 1092 4350 oreti.
1108 4306 1138 4350 ad
1152 4305 1202 4350 Cic.
1217 4313 1261 4357 pro
1277 4303 1372 4348 cluent.

285 4361 390 4414 111145.
411 4366 473 4407 extr.
492 4363 523 4407 ad
545 4363 612 4406 Brut.
633 4361 657 4416 S.
671 4363 710 4406 18.
730 4373 784 4417 pag.
801 4363 854 4408 aad.
876 4364 913 4406 ed.
933 4362 989 4406 min.
1024 4363 1062 4406 lie
1081 4361 1233 4407 anacolutinis
1248 4360 1320 4413 dimna
1335 4363 1373 4404 est
1419 4391 1425 4400 ,

193 4474 203 4496 k
285 4428 348 4474 quae
361 4419 455 4474 topatm
469 4419 590 4467 sententia
604 4419 721 4465 1111111111
734 4429 829 4475 qnoque
844 4417 869 4464 in
883 4419 993 4468 cicerem
1007 4421 1091 4475 dialog.
1104 4429 1160 4476 pag.
1174 4421 1213 4466 itt.
1228 4418 1266 4463 ed.
1280 4418 1371 4462 1.·11.
