2978 5068
303 331 393 400 aa,
554 293 558 308 ’
720 329 832 394 taum
850 327 973 394 uuum
1087 399 1090 406 ,

274 481 278 494 ’
371 487 972 612 nau..'ri.'auuorv1us
1018 481 1336 608 nunnius

457 679 753 746 FRANCISCO
784 683 1048 747 TURNONIO
1078 683 1112 746 S.
1141 682 1180 742 R.
1209 679 1247 742 E.
1349 713 1351 718 ⁴

564 787 1142 866 delacero-canumet

777 881 874 937 S.'P.
906 880 943 936 D.

309 988 350 1076 St
372 1029 480 1096 tempus
500 1014 537 1075 ad
556 1025 585 1074 te
605 1014 749 1075 scribendi
765 1034 855 1096 usque
871 1009 906 1096 eo
922 1013 1038 1074 differre
1053 1011 1219 1087 voluissem,
1244 1013 1405 1074 Francisce

309 1103 466 1171 Tumoai‚'
480 1097 858 1179 Cardinalis‘amplissime‚
892 1097 955 1157 dum
976 1117 1029 1178 par
1046 1117 1063 1156 a
1082 1115 1126 1155 me
1144 1098 1238 1178 aliqua
1255 1099 1311 1158 tuis
1332 1104 1406 1176 erga

311 1203 355 1244 me
376 1185 504 1262 plurimis
525 1184 710 1262 maximisque
729 1183 883 1260 beneficiis·
897 1183 1075 1260 reperiretur
1094 1182 1205 1240 oratio:
1230 1199 1406 1260 magnopere

311 1265 573 1344 mibimetueudnm
592 1277 671 1338 erat,
695 1286 730 1326 nc
746 1279 775 1326 et
791 1267 820 1325 ia
838 1286 873 1325 eo
889 1263 1068 1344 quaerendo,
1090 1263 1164 1342 quod
1180 1284 1319 1344 nunquam
1336 1285 1406 1322 con·
1481 1339 1482 1342 Ἴ

310 1351 390 1428 sequi
412 1361 543 1428 possem,
569 1349 645 1407 inani
662 1351 730 1428 ipse
753 1369 798 1408 me
816 1349 916 1409 labore
939 1359 1117 1426 torquerent,
1142 1359 1170 1406 et
1192 1346 1341 1408 immodica
1365 1348 1407 1404 si-

310 1435 391 1493 lentii
421 1432 607 1492 diuturnitate
637 1434 827 1511 suspicionem
857 1433 910 1492 tibi
935 1433 1056 1510 aliquam
1087 1430 1203 1509 angusti·
1231 1443 1261 1490 et
1289 1430 1406 1490 humilis

310 1517 396 1576 animi
419 1533 510 1596 neque
535 1517 623 1587 satis,
646 1527 778 1594 qnantum
795 1537 812 1574 n
830 1535 940 1594 quoqne
965 1516 1126 1593 acciperet,
1150 1515 1300 1574 sentientis
1319 1506 1408 1572 ailer-

310 1619 381 1660 rem.
426 1599 499 1658 Cum
524 1600 629 1676 igitur,
654 1597 727 1658 diem
749 1598 925 1659 assidueex
943 1597 990 1656 die
1011 1597 1135 1669 ducena,
1158 1599 1221 1657 sinc
1238 1595 1406 1658 dubiodin-

310 1683 387 1753 tius,
410 1701 491 1761 quam
515 1698 567 1762 par
589 1683 698 1755 linerat,
722 1683 920 1754 reticuissent,
945 1682 1027 1760 plane
1049 1681 1259 1760 obstupefactus
1282 1679 1407 1740 admira-

310 1768 390 1825 tione
403 1767 487 1827 istias
502 1783 571 1844 erga
588 1783 633 1823 me
647 1775 703 1824 mm
718 1767 846 1845 prolixae
862 1777 973 1844 mmque
986 1764 1130 1824 beneficae
1144 1765 1296 1824 voluntatis
1318 1761 1403 1823 tuae:

275 1909 278 1916 Δ
311 1850 474 1909 cualirmavi
494 1867 539 1907 nae
560 1847 691 1922 tandem,
717 1861 746 1908 et
769 1847 805 1907 ad
826 1849 897 1908 baec
916 1867 1021 1928 pauca,
1045 1867 1155 1926 quoquo
1175 1847 1256 1907 modo
1275 1867 1403 1926 possem,

310 1931 462 1992 scribenda
481 1951 527 1990 me
551 1933 676 1991 contuli:
701 1933 820 2011 quibus,
844 1931 917 2011 qnod
939 1943 994 1990 tam
1017 1931 1113 1989 multia
1134 1941 1246 2010 tamque
1268 1927 1353 1990 claris
1376 1939 1406 1988 et

244 2030 247 2038 ¹
309 2015 467 2076 illustribus
489 2015 581 2093 signis
603 2035 665 2087 me,
688 2017 814 2094 quamvis
832 2016 902 2074 nihil
920 2033 1037 2095 prorsus
1053 2015 1110 2073 tale
1126 2015 1326 2094 promeritum,
1351 2013 1405 2072 tibi
1444 2042 1447 2048 ·

265 2101 268 2108 ’
309 2111 478 2158 tamennon
504 2098 702 2180 vulgarium)
727 2119 823 2158 earnm
838 2117 904 2158 esse
917 2097 1127 2169 declaraveris,
1150 2100 1270 2176 gratias,
1292 2095 1406 2176 quando

309 2183 379 2241 nibil
402 2193 552 2262 praeterea
573 2201 664 2260 aeque
689 2192 719 2241 tu
742 2193 910 2262 exspectare
933 2201 1024 2260 neque
1042 2201 1096 2259 ego
1112 2191 1260 2262 praestare
1274 2199 1403 2261 possum,

203 2300 206 2308 =
310 2267 360 2324 tibi
375 2284 491 2344 agerem
506 2267 691 2325 immortales.
701 2263 761 2348 W)
798 2265 854 2324 Est
867 2267 981 2326 omnino
995 2266 1065 2325 baec
1082 2275 1141 2324 tota
1157 2265 1310 2344 gratiarum
1327 2263 1406 2336 aetio

277 2399 283 2407 .
309 2347 580 2431 perpusillum***)
599 2348 729 2430 quiddam
750 2367 856 2428 perque
872 2359 975 2420 tenuc3
998 2349 1165 2428 praesertim
1184 2350 1209 2406 si
1225 2357 1405 2427 comparetur

310 2451 372 2490 aum
394 2429 588 2509 magnitudine
608 2451 706 2506 eorum
726 2431 943 2504 beneliciorum‚
968 2430 1068 2510 quibus
1086 2442 1115 2490 tu
1134 2451 1179 2490 me
1194 2452 1211 2490 a
1228 2443 1259 2491 te
1273 2441 1403 2492 ornatum

310 2533 376 2574 esse
399 2515 546 2585 voluistis
561 2513 697 2572 sedeam
722 2524 833 2586 tamea,
864 2533 927 2572 earn
951 2513 1022 2574 bace
1045 2515 1219 2590 scriberem,
1246 2535 1297 2593 pro
1323 2521 1407 2573 corto

310 2609 394 2676 atque
424 2597 570 2677 explorato
596 2595 751 2668 babebam,
783 2597 835 2659 tibi
865 2617 921 2657 non
944 2598 1084 2680 ingratam
1108 2618 1199 2676 neque
1221 2596 1404 2656 iniucundam

260 2703 262 2708 ·
311 2681 391 2739 fore:
418 2701 499 2752 cum,
523 2691 555 2738 nt
571 2681 648 2752 scis,
672 2679 780 2740 mellei
795 2680 907 2760 quidem
923 2681 1059 2749 bonoram
1075 2683 1196 2740 omnium
1217 2682 1340 2741 auctoris
1359 2682 1404 2738 in·
1480 2691 1481 2736 t

250 2779 298 2828 aaa
313 2763 419 2822 linitam
435 2765 464 2822 in
480 2780 532 2822 nos
551 2763 765 2823 beneficentiam
778 2765 837 2824 ullo
851 2765 907 2824 alio
923 2761 1005 2823 modo
1020 2781 1242 2825 remuneremur.
1286 2763 1406 2822 (illicio-

258 2864 263 2875 ·
311 2865 371 2906 rum
396 2845 564 2906 vicissitudo
590 2865 639 2906 eas
662 2847 804 2908 amicitias
828 2849 970 2920 continet,
990 2848 1102 2927 'quibus
1128 2849 1203 2906 iuter
1222 2845 1403 2907 seciusdem

299 2931 398 2989 ,sortis
413 2929 541 2990 homines
561 2943 610 2990 ant
625 2941 706 2990 certe
724 2953 779 2990 non
797 2931 943 2994 admodum
962 2931 1091 3010 dispones
1114 2929 1329 2990 devinciuntur:
1352 2950 1405 2990 vo·
1479 2971 1480 3004 ἶ

309 3013 366 3085 bis,
389 3033 459 3093 quos
478 3031 564 3094 supra
579 3017 743 3087 *ceterorum
762 3014 950 3074 conditionem
969 3022 1083 3074 evectos
1103 3007 1133 3072 in
1151 3015 1225 3093 ipso¹
1237 3031 1331 3076 rerum
1351 3013 1404 3072 bu·
1479 3005 1480 3075 l

310 3112 454 3156 manarum
475 3098 592 3175 fastigio
611 3086 710 3157 diviria'
726 3097 904 3178 providentia
925 3099 1044 3169 locavit,
1068 3096 1138 3156 illud
1153 3101 1215 3156 cum
1233 3097 1402 3176 corporibus

309 3180 480 3239 caelestibus
497 3199 642 3239 commuue
656 3191 711 3253 est,
732 3181 805 3260 quod
822 3193 853 3240 ut
869 3179 919 3240 illa
934 3181 1112 3240 efficientiam
1130 3180 1241 3262 quidam
1260 3201 1339 3239 sunm
1353 3179 1403 3238 de·
1477 3251 1479 3264 ⁴

308 3263 418 3322 elamat
436 3263 464 3321 in
482 3263 621 3326 iuferiora
639 3264 710 3326 baec
728 3263 859 3344 viresque
874 3267 905 3322 in
923 3283 958 3324 ea
973 3275 1108 3324 exercent
1125 3285 1210 3337 suas,
1235 3263 1339 3338 scdab
1358 3263 1401 3322 eis
1478 3271 1479 3284 ¹

290 3345 379 3404 'nibil
410 3346 537 3406 vicissim
567 3349 700 3428 accipere
731 3360 778 3420 et,
813 3359 844 3406 ut
874 3347 979 3408 Graeci
1002 3367 1053 3406 sna
1075 3348 1172 3426 lingua
1195 3347 1309 3418 dicunt,
1341 3347 1401 3426 pati

308 3431 432 3506 quebnt;
460 3431 504 3488 sie
528 3449 578 3489 vos
603 3433 759 3510 potestatis¹
778 3429 889 3510 quidem
911 3427 1111 3512 copiarumque
1132 3442 1290 3490 vestrorum
1313 3429 1413 3488 doen--

308 3524 402 3570 menta
428 3512 609 3572 sublevandis
631 3513 817 3574 inferioribus
839 3514 941 3586 dntis3·
965 3516 1020 3594 ipsi
1046 3515 1175 3574 vicissim
1195 3516 1342 3594 quicquam
1364 3513 1400 3571 ab

308 3595 351 3653 eis
379 3609 493 3673 praeter
516 3595 626 3656 laudem
646 3617 679 3656 ac
700 3597 958 3676 praedicationem,
982 3607 1083 3656 testem
1107 3599 1183 3676 groti
1207 3617 1240 3657 ac
1264 3597 1400 3656 memoris

307 3679 410 3749 animi,
439 3679 588 3758 percipere
616 3702 670 3740 non
697 3684 829 3759 potestis.
881 3681 948 3759 Ago
973 3682 1062 3758 igitur
1085 3681 1137 3740 tibi
1159 3682 1398 3772 quammaximus

306 3762 433 3837 gratias,
464 3761 627 3822 Cardinalis
652 3765 830 3836 clarissime,
858 3765 1077 3836 humanissime,
1108 3767 1417 3844 optime,=agamque.

304 3843 370 3902 dum
395 3845 507 3917 vivam,
529 3846 636 3926 tibique
658 3868 675 3907 a
698 3868 806 3908 summo
827 3849 910 3908 buius
930 3848 1123 3922 univepsitatis
1143 3847 1277 3922 effectore
1295 3867 1329 3908 ac
1345 3866 1398 3925 gu·
1476 3851 1477 3864 ¹

358 4039 391 4098 *l
413 4043 501 4088 limi
520 4044 566 4092 ¹1⁰0
587 4043 685 4096 adverb.
706 4043 771 4100 apud
789 4044 867 4098 cicer.
888 4043 951 4092 thl.
971 4045 1003 4092 ad
1021 4049 1089 4094 ram
1104 4044 1143 4094 69.
1164 4055 1200 4103 pr.
1230 4041 1285 4090 vid.
1300 4043 1405 4090 Nollen-

300 4095 461 4144 racemata.
478 4109 533 4154 pag.
550 4101 620 4146 1827.
649 4103 702 4162 aa..
760 4145 762 4150 ,
836 4101 841 4112 ‘
1111 4105 1115 4112 ·
1475 4117 1476 4120 ,

297 4223 309 4266 t
356 4169 407 4225 tt)
429 4173 470 4238 sle
483 4173 589 4217 Plancus
610 4173 635 4218 ln
650 4173 721 4227 epist.
739 4173 955 4242 Ciceroiriscripta
968 4158 1097 4276 peditam.
1113 4159 1141 4219 X.
1158 4173 1196 4218 lt.
1212 4144 1274 4228 ons
1293 4161 1398 4217 tmpor-
1475 4139 1476 4168 i

297 4225 425 4334 pqlgee⁴qqo
445 4231 497 4330 tppp.
507 4231 613 4300 protam,
633 4241 747 4288 mosque
767 4233 823 4295 aaut
836 4242 917 4294 ewam.
947 4231 984 4278 c.
1001 4233 1055 4276 adn
1071 4229 1105 4292 †)
1126 4237 1181 4286 pag.
1197 4231 1227 4276 n.
1242 4229 1280 4276 99.
1300 4233 1325 4278 et
1339 4239 1398 4274 mox

264 4383 267 4390 -
351 4355 422 4408 tet)
441 4359 479 4402 tta
498 4359 543 4403 hoc
562 4367 616 4404 voe.
637 4357 669 4422 etx
689 4357 766 4407 cicer.
780 4362 810 4406 11
831 4359 862 4406 de
884 4360 949 4406 orat.
972 4359 997 4417 34
1014 4359 1068 4406 aaa.
1091 4363 1116 4406 et
1138 4361 1252 4415 Schuetz.
1267 4361 1328 4406 Lex.
1345 4359 1395 4408 Gla.
1474 4399 1475 4402 ,

294 4409 362 4456 ton.
378 4413 418 4458 111.
434 4415 456 4460 t.
471 4425 526 4471 pag.
542 4415 597 4464 att.
627 4417 673 4480 tta.
