2980 5074
259 301 325 372 2³⁰
665 293 779 362 LIBRI
799 293 940 361 Titum

261 463 419 530 adhibendo
437 463 582 526 distinete
602 473 671 528 ost.¹
703 463 779 526 Nem
797 463 945 546 possessio
967 481 1046 524 mere
1062 464 1200 525 notureiis
1217 475 1265 526 est
1280 467 1353 526 meri

99 615 115 628 ,Α
175 579 178 584 ·
262 554 344 623 faeti,
363 560 394 610 ut
408 567 481 630 quae
492 547 570 608 nulio
587 567 704 629 prorsus
719 547 783 608 iure
799 549 915 608 nitetur.
940 543 1044 608 Civilis
1057 556 1103 609 est
1118 558 1148 608 et
1161 549 1225 628 ipse
1241 548 1354 628 quidem

265 637 349 708 iacti,
359 632 410 694 sod
428 633 493 712 quio
508 633 571 692 iure
587 631 793 703 nimionimio
805 633 890 692 etiem
907 629 1013 710 aliquid
1027 630 1111 691 i‘uris.
1136 631 1272 712 Namqui
1284 633 1355 692 eivi-

265 719 333 778 iiter
343 714 482 798 possidet,
498 715 524 774 is
536 725 567 774 et
578 713 852 774 interdictoretioet
863 715 1086 794 possessionem,
1097 712 1162 773 dum
1178 733 1226 774 res
1242 716 1356 775 evince-¹

265 811 323 874 tur,
339 811 368 861 et
382 801 408 859 si
427 798 476 859 diu
492 799 564 857 sineX
571 797 799 878 interpellatione
813 797 986 878 possederit,
999 817 1059 858 rem
1074 815 1154 858 suam
1168 798 1238 857 feeit
1247 816 1259 855 s·
1270 796 1368 878 idque·

265 887 328 944 sive
342 893 373 943 et
383 883 478 944 nnimo
493 891 523 940 et
538 899 670 960 comere,
693 878 754 942 sive
771 881 857 941 etiem
873 883 966 940 animo
983 891 1089 941 tentum
1108 879 1266 960 possideat,
1290 880 1357 941 dum

265 967 391 1030 ciuiliter
404 962 561 1046 possideat,
578 963 616 1024 L.
633 963 726 1036 Nemo
740 963 859 1043 ambigit
873 963 910 1025 C.
927 983 962 1024 eo
976 965 1022 1024 tit.
1045 963 1085 1024 Et
1097 974 1177 1023 certe
1190 963 1245 1023 nisi
1261 964 1356 1025 civilis

266 1051 414 1132 possessio
428 1047 546 1108 haberet
565 1042 671 1126 aliquid
686 1047 770 1119 iuris,
785 1068 841 1107 non
858 1045 1019 1108 diceremur
1029 1046 1180 1126 adquirere
1194 1049 1358 1126 possessio·

155 1162 161 1199 ·,
266 1135 343 1194 nem.
365 1131 482 1192 Etenim
497 1149 571 1210 quoe
586 1131 656 1190 meri
674 1131 744 1190 iooti
758 1141 835 1203 sunt,
850 1151 906 1190 non
922 1130 1043 1191 dicimur
1054 1129 1216 1208 adquirere,
1229 1141 1262 1190 ot
1274 1149 1357 1191 nemo

212 1219 215 1242 ¹
267 1215 374 1276 dioinn
390 1212 541 1294 adquirere
553 1211 746 1286 traditionem,
764 1213 819 1274 etsi
835 1212 990 1274 traditione
1003 1211 1109 1292 uiiqnid
1123 1211 1291 1292 adquiritur.
1316 1213 1359 1273 At

177 1295 181 1304 “
269 1317 327 1360 non
348 1308 455 1358 unium
478 1295 600 1357 dieimur
622 1294 774 1376 adquirere
791 1295 897 1376 eiiqnid
914 1298 1119 1380 possessione,
1143 1293 1195 1356 sed
1216 1306 1245 1356 et
1264 1297 1357 1376 ipsum

269 1381 482 1464 possessionem
504 1379 666 1458 adquirere.
710 1377 768 1440 Est
785 1381 874 1458 igitur
891 1381 919 1440 in
936 1399 971 1440 ee
984 1377 1090 1458 ¹oiiquid
1105 1379 1190 1450 ineti,
1211 1389 1258 1438 est
1271 1381 1359 1463 etium

189 1499 191 1504 ,
269 1462 377 1544 aliquid
393 1465 477 1524 iuris.
520 1461 580 1524 Sed
600 1464 760 1545 serupuinm
775 1464 828 1522 otti
847 1482 902 1524 non
916 1464 1057 1523 immerito
1072 1461 1167 1522 iniioit
1181 1459 1219 1521 L.
1235 1461 1360 1522 Posses·

270 1549 380 1609 sionem
401 1545 442 1608 D.
466 1548 521 1606 hoo
540 1547 586 1606 tit.
611 1565 682 1625 quoe
703 1545 842 1626 quomodo
862 1544 1048 1624 intelligendo
1070 1546 1110 1607 sit
1133 1555 1164 1604 et
1181 1545 1361 1606 conciliendo

270 1651 332 1692 eum
354 1628 392 1692 L.
413 1628 563 1710 Pupiiius,
587 1626 633 1692 de.
647 1631 739 1710 oquin.
761 1649 830 1691 reru
844 1628 919 1690 dom.
952 1629 1235 1708 breviter‚operionr.
1282 1627 1361 1700 Nem

270 1716 318 1794 qni
337 1713 452 1786 dieunt,
476 1719 542 1796 eom
558 1731 615 1772 uon
628 1711 663 1772 de
677 1714 863 1792 possessione
877 1713 975 1786 oiviii,
997 1711 1049 1772 sod
1064 1710 1100 1770 de
1112 1707 1275 1772 detentione
1290 1709 1361 1772 Asi·

271 1799 319 1859 nio
338 1793 431 1876 ioqui,
461 1810 576 1868 eorum,
606 1805 639 1856 ut
659 1815 740 1857 suum
764 1796 881 1858 veritum
904 1797 947 1856 eis
970 1796 1112 1867 referem,
1144 1793 1227 1874 piene
1247 1796 1361 1856 asinino

271 1880 412 1960 expositio
430 1888 486 1938 est.
528 1877 672 1959 Popilium
685 1879 747 1938 sino
760 1890 854 1942 tutore
865 1891 981 1939 auctore
998 1899 1053 1938 non
1068 1897 1154 1959 posse
1169 1875 1361 1940 conditionem

272 1983 352 2026 suem
368 1962 428 2022 uiio
447 1962 478 2021 in
496 1979 529 2025 re
552 1959 724 2024 deteriorem
742 1960 1075 2044 torono,.intnttnu*)
1097 1961 1169 2020 iuris
1194 1971 1249 2022 est.
1294 1963 1361 2022 Hos

272 2065 335 2107 euni
356 2043 473 2106 doceret
495 2045 637 2117 Sabinus,
657 2045 795 2118 dixerut,
824 2047 959 2126 pupilium
980 2063 1073 2124 neque
1093 2043 1245 2109 dominium
1267 2065 1361 2125 neque

252 2129 483 2210 possessionem
509 2147 596 2208 posse
617 2131 748 2190 omittere
766 2130 823 2189 nisi
847 2138 942 2190 tutore
962 2140 1087 2188 auctore.
1140 2125 1212 2186 Com
1234 2128 1289 2188 hoo
1309 2129 1361 2188 oir-

272 2201 384 2273 sdurios
407 2211 510 2274 dietum
531 2209 677 2272 videretur
696 2213 844 2292 Uipieno,
867 2213 897 2272 in
923 2211 999 2272 notis
1021 2209 1057 2270 od
1078 2209 1213 2271 Sabinum
1239 2210 1359 2284 eddidit,

271 2315 328 2356 non
348 2315 438 2376 posse
453 2292 564 2374 quidem
588 2297 721 2376 pupilium
739 2297 852 2368 animo,
873 2293 970 2356 idest
991 2293 1132 2354 voluntate
1156 2313 1208 2356 sno
1229 2296 1362 2356 omittere

272 2380 502 2458 possessiouem:
527 2397 609 2456 nem,
633 2380 744 2440 etiamsi
762 2379 834 2440 velit
849 2397 911 2438 eam
930 2378 1064 2439 amittere
1077 2387 1108 2436 et
1123 2377 1152 2434 in
1166 2376 1251 2437 olium
1267 2389 1361 2440 trans·

273 2463 369 2534 ierne,
390 2461 461 2520 nihii
485 2462 563 2540 egi13
587 2482 673 2542 posse
692 2473 784 2522 minen
807 2463 937 2522 emittere
956 2460 985 2520 id
1003 2458 1080 2540 quod
1103 2470 1149 2520 est
1169 2461 1254 2534 iacti,
1278 2473 1311 2521 ut
1336 2463 1362 2522 si

272 2564 327 2626 per
343 2546 400 2606 vire
422 2543 574 2603 deiiciatur
587 2543 624 2604 de
643 2543 843 2624 funde-«quem
861 2544 1006 2626 possidet:
1023 2543 1134 2622 otioqni
1150 2544 1224 2604 enim
1241 2543 1270 2604 id
1285 2544 1364 2605 dom·

273 2647 373 2688 nosum
393 2637 472 2688 esset
490 2628 546 2706 ipsi
565 2628 682 2707 pupilio.
717 2627 876 2702 ¹Quomodo
894 2629 969 2688 enine
983 2627 1195 2708 possessionem
1210 2627 1362 2688 interdicto

198 2727 199 2732 ’
273 2721 433 2790 repeteret,
456 2709 513 2770 nisi
529 2709 699 2772 amisissent
717 2711 759 2770 At
778 2731 846 2772 veru
866 2712 993 2772 alienare
1012 2721 1042 2771 ot
1058 2712 1155 2770 animo
1170 2730 1204 2771 oo
1217 2711 1363 2772 voiuutnte

275 2811 326 2853 sne
356 2795 487 2862 emittere
516 2795 744 2874 possessionem,
777 2795 890 2856 etiornsi
911 2795 1031 2858 maxime
1053 2793 1140 2864 uniit,
1170 2795 1234 2854 sine
1259 2797 1362 2856 mmsis

274 2878 444 2936 anctoritate
467 2895 522 2936 non
543 2887 653 2957 potest,
677 2889 707 2938 et
727 2878 781 2939 hoo
798 2874 880 2938 modo
896 2879 1064 2939 sententium
1081 2877 1301 2938 Sebioienorum
1315 2899 1364 2939 ec·

171 2981 188 3014 ¹.
274 2959 433 3042 eipiendnsu
448 2979 515 3020 esse
529 2959 615 3022 donet
627 2961 797 3022 Martianus
811 2963 840 3021 in
857 2961 885 3023 d.
904 2964 924 3022 i.
944 2961 1085 3042 Popilius.

355 3039 447 3103 lineo
459 3053 543 3116 sunt,
566 3047 604 3104 mi
624 3043 810 3108 Constantine
829 3047 950 3126 optime,
972 3063 1045 3124 quoe
1068 3043 1137 3104 miiri
1159 3063 1232 3105 nuno
1249 3043 1363 3125 quidem

215 3138 264 3192 ets
278 3123 313 3185 de
326 3125 510 3206 possessione
523 3127 553 3185 in
569 3139 688 3190 mentem
702 3138 859 3188 venerunt:
882 3129 964 3208 piuru
981 3128 1105 3188 ior-tesso
1119 3148 1201 3206 qnam
1215 3141 1365 3208 exspecte-

277 3210 347 3280 tos,
375 3207 510 3292 pensiore
527 3221 623 3284 certe,
652 3231 733 3290 quom
755 3211 911 3272 habiturus·
927 3231 1009 3282 eres,
1022 3213 1059 3270 ‘si
1087 3229 1139 3290 per
1164 3213 1364 3290 occupationes

276 3293 383 3351 licitum
402 3301 490 3350 esset.
540 3291 599 3354 Sed
621 3304 658 3372 et
674 3293 756 3354 haee
768 3296 832 3375 ipse
852 3295 905 3354 titi
925 3291 1086 3375 forsantt)
1107 3294 1170 3354 usui
1191 3295 1286 3374 iuture
1304 3317 1365 3356 non

230 3435 231 3440 χ
277 3385 359 3447 sunt,
389 3374 554 3436 melioribus
583 3375 755 3450 abundenti3
785 3389 957 3456 egootomen
981 3377 1085 3456 scripsi
1106 3388 1237 3456 tunquam
1256 3379 1363 3456 intere.

278 3459 311 3519 Si
338 3456 404 3536 quid
424 3459 543 3537 posthae
566 3459 684 3523 hebebis
709 3461 864 3532 eiusmodi,
887 3462 917 3520 in
938 3480 992 3539 quo
1010 3480 1097 3540 opere
1116 3471 1145 3520 ei
1161 3461 1284 3520 oonsilio
1299 3483 1367 3522 meo
1403 3458 1408 3475 ²

278 3560 365 3618 egere
384 3541 557 3625 tomettti)
580 3543 632 3603 titi
654 3541 813 3616 videberis,
837 3563 882 3604 me
898 3562 1010 3623 semper
1021 3545 1231 3622 paratissimum
1245 3544 1365 3606 hebebis

276 3621 312 3684 od
337 3643 371 3683 eo
391 3625 501 3697 omnia,
525 3645 596 3708 quae
619 3626 672 3686 tibi
692 3636 722 3686 et
743 3617 874 3688 utilitatis
895 3638 925 3691 et
947 3627 1096 3706 voluptatis
1116 3624 1222 3710 aliquid
1244 3629 1367 3690 olinturo

277 3725 344 3782 esse
368 3709 539 3788 cognovero.
583 3708 630 3769 Ae
650 3729 733 3790 spero
757 3729 802 3770 me
819 3709 863 3770 his
880 3709 997 3769 aestivis
1012 3710 1155 3770 mensibus
1165 3754 1176 3783 ,
1199 3711 1300 3789 quibus
1318 3733 1366 3773 res

276 3790 474 3872 proferentur,
497 3792 583 3852 meite
603 3791 730 3853 eiusdem
747 3794 862 3874 generis
879 3792 1052 3854 edolotururn
1060 3837 1072 3870 ,
1095 3813 1185 3879 enque
1200 3793 1236 3857 ed
1252 3805 1281 3856 te
1298 3796 1367 3856 mis·

287 3905 556 3925 m

332 3953 367 4010 m)
382 3954 419 4002 Gi.
433 3956 489 4002 adn.
505 3963 559 4012 m.
573 3957 604 4002 R.
620 3956 675 4004 iti.
703 3961 749 4006 Fit.
770 3957 779 3996 f

332 4027 385 4083 nn)
395 4028 480 4073 Poetis
493 4029 674 4085 relinquentem
687 4033 750 4076 hano
763 4029 906 4085 partientem
916 4043 984 4089 esse,
1000 4031 1049 4078 inm
1064 4042 1081 4077 e
1094 4030 1204 4080 Cmrisio
1219 4031 1289 4088 [neg.
1297 4033 1367 4095 teu)

275 4083 431 4130 dictumest:
446 4083 747 4143 idemquedoeentnostri
762 4089 922 4136 Grammatioi.
950 4091 1024 4134 Bene.
1052 4091 1113 4134 Nem
1129 4089 1169 4145 qui
1184 4093 1282 4136 exstant
1295 4091 1367 4147 pauet

163 4191 165 4206 Ι
275 4141 323 4186 ioci
344 4139 408 4194 aput
428 4151 517 4195 prosae
531 4142 646 4188 orationis
659 4145 802 4198 seriptores,
824 4144 870 4201 (de
891 4145 977 4200 quitus
991 4146 1040 4190 vid.
1056 4147 1132 4192 liunt.
1148 4147 1250 4190 Turseli.
1265 4149 1295 4191 ΙΙ.
1311 4157 1365 4201 per.

275 4196 330 4242 tit.
345 4197 396 4251 sq.)
411 4208 458 4242 non
472 4199 533 4244 setis
548 4201 678 4246 retentet
693 4201 856 4248 enutsendern
869 4202 1066 4252 cousuetudinem
1079 4206 1126 4248 nee
1138 4202 1259 4258 permenio
1269 4203 1367 4250 mirifice

262 4283 265 4292 ·
278 4253 428 4301 abutentium
442 4254 624 4309 ethologorum.
653 4260 699 4303 lte.
1180 4290 1182 4296 ,

331 4325 401 4379 unt)
413 4329 481 4372 iisse
494 4325 572 4372 forme
585 4314 685 4377 nitendo
699 4331 752 4384 est3
766 4330 892 4377 dicendum
905 4333 953 4377 tute
967 4341 1020 4376 eum
1029 4320 1146 4378 *cicerone
1160 4335 1232 4388 etque
1247 4331 1311 4394 etiis,
1325 4338 1368 4380 eut
1474 4233 1475 4302 i

215 4453 222 4475 ο
275 4381 349 4430 etiem
363 4384 487 4431 intentet
500 4393 555 4432 euru
569 4385 681 4437 Terentio
696 4388 798 4446 (fletui.
812 4391 842 4437 11.
856 4392 880 4436 e.
896 4389 965 4445 18³.)
979 4394 1004 4438 et
1016 4389 1129 4441 tomento
1144 4391 1200 4464 (iv.
1213 4389 1285 4445 ete.)
1313 4393 1357 4438 un

1474 4607 1475 4664 i
