2978 5068
256 294 323 368 nm
557 285 561 298 ⁸
676 240 933 352 mmunmm

308 490 453 630 mxxi.
496 549 550 628 m
579 541 928 654 aurourus
966 515 1318 620 uunnrus-

443 739 445 746 >
521 667 1081 780 roannruamoscro
1152 739 1200 758 .*

481 801 602 892 'neem
623 804 785 877 nonomen
806 829 1109 876 vrcncaucnnnnnro

262 914 265 923 ·
316 931 319 936 -
355 903 520 957 stemma
541 902 749 954 messurum
767 900 955 952 manentum
973 901 1159 951 cartennae
1179 897 1270 951 unc¹¹
1361 912 1365 921 ·

721 1025 752 1084 S.
786 1027 819 1083 Ρ.
854 1026 892 1082 D.

260 1187 399 1281 Praeter
419 1239 498 1302 spem
521 1229 552 1278 et
571 1218 733 1298 opinionem
755 1237 846 1279 meam
870 1217 993 1292 accidit,
1016 1229 1064 1292 nt,
1087 1219 1244 1279 cuminte'r
1265 1227 1367 1306 meet

261 1305 397 1366 loannem
424 1301 625 1374 Zamoseinm,
659 1302 840 1363 serenissimi
868 1301 961 1382 Regis
987 1301 1198 1376 Secretarinm,
1227 1301 1365 1362 omnibus

261 1407 351 1470 prope
371 1387 407 1448 de
431 1386 517 1448 rebus
542 1387 742 1459 convenisset,
771 1387 883 1465 iamque
915 1407 970 1466 ego
1000 1406 1046 1446 me
1071 1385 1113 1446 *ad
1137 1388 1194 1446 iter
1223 1385 1366 1464 accinge-

263 1492 325 1532 rem
334 1469 369 1554 i¹)
390 1480 475 1550 atque
491 1461 560 1528 istic
575 1470 669 1529 animo
685 1481 715 1530 et
727 1470 901 1548 cogitatione
916 1481 992 1530 totus
1008 1489 1101 1530 essem
1109 1492 1121 1543 3
1146 1468 1240 1529 subito
1262 1480 1366 1529 osten-

262 1554 340 1616 derit
366 1554 526 1632 Gregorius
547 1551 685 1620 Pontifex
706 1554 844 1614 maximus
867 1553 1072 1633 profectionem
1095 1573 1186 1612 meam
1215 1553 1272 1612 sibi
1303 1574 1366 1610 non

261 1639 396 1720 placere,
430 1655 530 1714 meque
558 1653 611 1718 per
639 1637 718 1696 viros
749 1656 858 1696 summa
884 1639 1055 1696 auctoritate
1078 1636 1222 1717 praeditos
1244 1655 1367 1695 monem·

263 1721 329 1781 dum
358 1721 520 1790 curaverit,
550 1737 587 1777 ne
616 1735 653 1778 ex
679 1717 750 1780 urbe
777 1717 976 1792 discederem
1014 1719 1070 1780 sibi
1099 1739 1186 1781 curae
1216 1721 1298 1792 fore,
1330 1730 1367 1778 ut

264 1825 301 1864 ne
321 1805 350 1862 in
371 1803 443 1862 urbe
466 1799 605 1861 deteriori
626 1801 788 1862 conditione
811 1822 917 1876 essem,
950 1823 1032 1882 qnam
1060 1823 1132 1882 quae
1157 1803 1226 1862 mihi
1248 1804 1278 1862 in
1301 1803 1366 1862 Po·

264 1887 342 1948 ionia
365 1885 537 1946 deferretur.
589 1883 667 1958 Quin
690 1884 830 1945 etiamad
854 1887 1070 1966 quingentorum
1090 1907 1242 1948 aureorum
1264 1905 1368 1946 numo·

264 1991 327 2031 rum
350 1967 538 2049 stipendium,
560 1967 635 2048 quod
657 1969 726 2027 mihi
747 1970 804 2028 iam
828 1968 937 2050 pridem
959 1971 1142 2031 constitutum
1160 1982 1241 2042 erat,
1265 1971 1367 2029 statim

265 2053 403 2114 ducentos
425 2050 516 2112 adiici
531 2051 635 2124 iussit,
656 2049 855 2132 mandavitque
873 2052 998 2113 lintanio
1023 2051 1162 2138 σαψ)
1184 2055 1275 2134 primo
1292 2073 1367 2132 quos·

265 2156 321 2217 que
341 2147 469 2217 tempore
485 2133 694 2218 quoquomodo
712 2135 860 2210 efficeret,
883 2149 915 2197 ut
928 2135 1042 2204 aliunde
1054 2136 1124 2197 mihi
1138 2139 1259 2200 trecenti
1279 2137 1367 2196 aurei

265 2221 344 2281 numi
363 2219 514 2300 quotannis
539 2216 742 2298 penderentur.
787 2217 834 2280 lla
860 2240 893 2282 re
913 2222 1019 2286 iactum
1042 2231 1105 2294 est,
1128 2231 1160 2280 ut
1174 2231 1289 2280 coactus
1306 2221 1366 2280 sim

267 2302 416 2384 deponere
434 2301 602 2375 consilinm,
625 2299 699 2381 quod
719 2321 872 2382 ceperam,
893 2303 1028 2366 veniendi
1049 2301 1085 2364 ad
1107 2325 1175 2364 vos:
1200 2322 1367 2382 aqun,-ne

144 2411 147 2419 ¹
201 2445 203 2452 ,
266 2388 379 2460 vivam,
403 2387 429 2445 si
448 2405 494 2445 me
512 2385 571 2446 alia
584 2385 643 2444 nlla
659 2405 724 2459 res,
747 2405 830 2466 qnam
845 2389 946 2448 summi
959 2387 1109 2448 Pontificio
1126 2388 1256 2448 voluntas
1277 2397 1368 2466 atque

267 2471 422 2532 auctoritas
442 2467 583 2528 abducere
601 2470 751 2546 potuisset.
794 2469 927 2545 Interea,
953 2472 1039 2530 etiam
1056 2481 1168 2532 tacente
1188 2491 1252 2544 me,
1276 2471 1368 2530 facile

198 2571 199 2574 ’
267 2573 366 2620 omnes
381 2550 492 2624 uident,
507 2560 640 2631 quantum
655 2553 889 2614 screnissimo'ac
901 2555 1100 2634 potentissimo
1110 2554 1188 2634 Regi
1202 2553 1365 2634 Stephano,

268 2649 401 2717 qnantum
421 2635 492 2707 tibi,
521 2633 657 2694 Zamosci
678 2635 859 2709 clarissime,
889 2637 1018 2697 debeam.
1063 2637 1159 2700 Vobis
1180 2640 1274 2710 enim,
1304 2638 1367 2696 nisi

268 2721 353 2800 plane
374 2719 504 2798 ingratus
529 2718 604 2790 sim,
627 2717 701 2778 hane
719 2729 776 2778 tarn
799 2720 967 2781 luculentam
984 2721 1161 2782 fortunarum
1178 2741 1301 2790 mearum
1314 2741 1367 2780 ae·

120 2873 123 2882 η
269 2804 430 2872 cessionem
454 2811 599 2881 acceptam
619 2801 710 2862 feram
730 2823 851 2864 necesse
873 2815 929 2866 est.
973 2804 1083 2879 Quare,
1107 2804 1172 2864 dum
1187 2806 1292 2876 vivam,
1317 2824 1366 2863 me

209 2902 259 2950 51⁶
271 2887 385 2965 utrique
401 2896 508 2946 tentum
528 2883 633 2945 debere
656 2885 749 2946 fatear
771 2897 901 2967 oportet,
923 2900 1056 2968 quantum
1081 2889 1117 2948 ab
1135 2889 1249 2948 homine
1263 2887 1365 2948 deberi

272 2969 379 3031 homini
400 2969 548 3050 plurimum
571 2978 676 3047 potest.
711 2968 751 3030 ,Α
771 2980 801 3031 te
822 2972 908 3032 etiam
933 2983 1018 3051 atque
1035 2972 1120 3032 ctiam
1134 2967 1220 3052 peto,
1244 2983 1276 3031 nt
1294 2971 1366 3043 mihi

270 3054 381 3114 veniam
401 3052 620 3112 aserenissimo
634 3051 717 3132 Rege
730 3053 879 3133 impetres3
900 3055 1010 3140 tibique
1021 3055 1209 3134 persuadeas,
1230 3056 1256 3114 si
1276 3056 1366 3114 ullum

270 3135 385 3214 tempus
406 3155 527 3214 unquam
549 3135 680 3208 eueniat,
711 3147 744 3194 ut
769 3157 814 3196 me
832 3138 919 3198 vitam
945 3140 1037 3218 ipsam
1059 3139 1106 3200 vol
1128 3159 1180 3220 pro
1205 3139 1367 3200 Maiestate

272 3219 363 3299 ipsius
386 3218 434 3278 vel
454 3237 507 3296 pro
524 3229 589 3289 tua,
618 3219 778 3279 clarissime
801 3219 955 3294 Zamosci,
984 3222 1124 3302 dignitate
1153 3224 1183 3282 in
1208 3220 1365 3290 discrimen

180 3295 182 3304 ’
272 3297 502 3381 exppnerei'ii)
526 3311 675 3380 operteat,
706 3303 813 3363 nemini
836 3323 882 3363 me
904 3325 1125 3378 concessurum,
1152 3303 1249 3385 quiid
1270 3327 1366 3385 prom-

273 3387 349 3466 ptius
371 3393 422 3444 aut
441 3384 543 3442 maiori
565 3385 658 3448 auimo
674 3387 773 3448 faciat.
815 3387 903 3452 Vale.
924 3389 1046 3452 Romae.
1065 3389 1187 3452 lialeud.
1205 3387 1361 3450 Deccmbr.

218 3548 220 3558 ,
273 3462 551 3550 MDLXXVM)
625 3521 627 3529 Α

202 3731 205 3757 1
331 3684 366 3741 a)
379 3685 413 3732 se
427 3683 549 3740 ooctopcn
565 3684 598 3730 aa
612 3683 702 3754 ultuma
719 3695 775 3733 raro
787 3687 853 3743 apud
864 3690 962 3734 veteres
977 3687 1076 3746 dicitnr,
1090 3697 1234 3745 quamquam
1245 3697 1293 3732 non
1308 3687 1366 3734 inu-

274 3741 373 3790 sitatum
394 3740 420 3784 ln
433 3741 576 3786 comicorum
589 3740 685 3788 tabulas.
714 3746 744 3790 H.
759 3747 775 3790 l.
790 3745 878 3808 melius
892 3745 1009 3802 fortasse,
1028 3757 1119 3799 parare
1130 3745 1250 3800 proficisci
1263 3743 1364 3800 (Nep).

274 3799 604 3912 ppopppdpffipppepmprp
617 3799 715 3857 (suet)
729 3803 786 3858 vet,
806 3805 853 3848 dee
864 3801 966 3858 parare,
985 3813 1131 3857 scammuse.
1161 3803 1254 3848 Kanna.
1266 3821 1299 3842 η
1327 3800 1365 3874 ct.

333 3927 386 3983 ne)
399 3927 527 3984 tietmare,
549 3927 591 3983 qut
604 3931 702 3983 praeest
716 3930 876 3978 cancellariae
907 3929 1019 3976 nationali
1033 3929 1275 3986 [Koumasenoi
1304 3932 1366 3978 Nam

276 3986 370 4031 detorta
390 3983 476 4028 dicitnr
494 3986 585 4028 Romae
607 3986 687 4041 curie,
708 3985 733 4030 in
748 3999 802 4042 oua
819 3942 937 4043 ponttdots
951 3989 1046 4034 tremine
1060 3999 1114 4032 cum
1128 3987 1192 4032 aliae
1206 3989 1293 4037 literne
1308 4001 1366 4042 pcr-

277 4043 413 4096 scrtbuntur
427 4042 452 4093 ct
465 4041 649 4099 consignantur,
672 4047 723 4097 tttttt
735 4045 851 4099 beneficia
864 4057 908 4102 per
921 4045 1007 4098 literas
1019 4045 1196 4102 prunittuntnr.
1225 4047 1319 4094 Knarr.
1337 4067 1365 4078 -

276 4097 314 4146 ct.
329 4107 405 4152 supra
419 4107 473 4152 pag.
488 4098 516 4143 n.
531 4097 588 4144 tes.
614 4101 660 4144 Fa.
1137 4111 1143 4126 ·
1454 4117 1456 4122 r

207 4217 208 4220 ,
334 4171 406 4226 att)
422 4169 458 4217 ct.
472 4171 527 4216 aun.
541 4181 597 4226 nes·
611 4173 640 4218 ta
655 4173 710 4220 ase.
737 4176 783 4222 nn.

255 4253 256 4256 ’
336 4242 372 4304 ἡ)
387 4243 501 4305 seqnitur
514 4245 635 4292 zamoaoti
649 4247 784 4306 amoenata.
813 4249 926 4323 reomau.
1095 4265 1110 4294 ο
1204 4287 1207 4295 .
