2960 5070
167 468 177 510 l

267 261 335 332 aas
410 251 415 260 ’
514 255 523 278 ·“
574 345 575 350 Ν
654 257 768 320 nrum
795 255 977 322 suenum

367 427 426 491 111.
469 423 769 490 ananensis
797 425 1009 490 ennrsrr
1038 427 1252 494 caucum.

351 529 390 622 0
410 583 466 624 una
486 573 553 624 ante
573 559 646 628 alias
665 580 764 622 omnes
784 561 958 622 venerabilis
980 561 1083 638 arbor,

433 643 517 721 Quae
531 642 623 732 ¹roseo
644 643 762 706 Domini
784 645 873 706 tineta
894 665 996 706 eruoro
1016 646 1133 711 mades!

348 730 411 794 Ter
429 731 500 791 felix
520 749 537 790 o
558 730 657 810 spina,
679 748 763 790 sacro
784 749 857 808 quae
878 730 908 790 in
928 731 1037 790 vertice
1058 731 1115 794 lixa

433 813 568 896 Divinum
591 824 709 876 aeterno
729 812 823 892 cingis
844 812 952 874 honoro
972 816 1076 894 eaput!

308 904 329 958 a
349 895 466 960 Felices
488 896 578 970 olavi,
600 895 697 956 ielieia
717 895 852 968 vulnera,
878 897 948 957 felix
1084 959 1086 972 ¹

432 981 544 1054 Hasta,
568 999 680 1040 sacrum
700 979 782 1040 lieuit
802 980 849 1039 eui
872 998 1005 1041 reserare
1028 979 1123 1056 latus,

348 1065 391 1129 Ut
410 1083 526 1126 manans
546 1063 677 1144 geminus
698 1063 805 1130 sanetis
827 1081 863 1124 ex
883 1063 1001 1124 artubus
1021 1063 1114 1127 imber

433 1147 557 1208 Humani
579 1147 702 1208 maculas
725 1147 837 1208 elueret
855 1147 992 1226 generis!

349 1231 377 1296 0
398 1233 467 1293 milri
490 1232 516 1291 si
537 1227 621 1292 detur
641 1230 679 1292 iol
701 1229 820 1290 illudet
840 1230 910 1290 illud
930 1241 1059 1305 anetum,

173 1370 175 1376 ,
252 1320 330 1376 ‘ld
432 1313 537 1375 Dulcia
559 1309 633 1393 quod
654 1312 772 1374 Domini
794 1315 916 1394 contigit
935 1335 989 1379 ora
1009 1316 1085 1375 mei!

350 1397 458 1476 Quidni
478 1409 626 1478 utrumqne
648 1397 718 1458 mibi
739 1399 779 1457 sit
798 1409 915 1459 nectare
936 1397 1072 1460 dulcius?
1092 1399 1141 1461 illo

432 1481 568 1562 Dempsit
589 1481 633 1541 eis
656 1500 765 1542 omnem
785 1491 874 1542 taetus
896 1485 1065 1544 amaritiem.
1132 1519 1136 1524 ·

349 1565 410 1630 Sed
430 1575 542 1626 maneat
561 1565 655 1644 potius
677 1565 738 1624 l'elli
758 1567 869 1626 nativus
892 1586 1026 1640 amaror,

434 1647 604 1709 immodicus
627 1649 724 1708 raucas
745 1659 775 1708 et
796 1649 865 1708 mibi
885 1649 968 1710 radat
988 1671 1076 1722 acor,

290 1738 330 1795 tu
351 1731 394 1796 Ut
412 1743 614 1792 tormentorum
636 1731 702 1804 ias,
726 1752 745 1791 o
764 1731 839 1793 bone
861 1729 996 1804 Christe,
1020 1745 1129 1794 tuorum

433 1815 599 1894 Degustaro
621 1815 743 1894 aliquam
761 1817 800 1874 sit
820 1817 889 1876 mili
911 1817 1089 1896 particulam.

350 1899 418 1962 Heu
438 1900 574 1961 miserum
593 1919 655 1970 me,
678 1895 815 1970 Christe,
841 1918 895 1978 ego
916 1912 944 1960 te
966 1900 1018 1961 boo
1040 1902 1069 1960 in
1090 1901 1187 1981 stipite
1208 1901 1281 1974 lini,¹

435 1982 543 2043 Debita
565 1993 648 2043 erant
667 1983 757 2062 culpis
779 1984 919 2062 supplicia
940 1985 996 2044 ista
1019 1986 1110 2044 meis:

351 2067 412 2130 Pru
432 2087 477 2127 me
498 2077 555 2126 tarn
576 2066 632 2126 lato
652 2066 704 2125 tibi
725 2066 843 2128 vulnero
864 2079 962 2147 peetus
984 2079 1111 2148 apertum
1133 2078 1178 2128 est
1185 2111 1196 2142 ,
1309 2092 1313 2100 ·

289 2158 331 2216 tto
435 2151 574 2229 Imposita
594 2169 631 2210 ux
651 2149 737 2230 capiti
760 2151 860 2229 spinea
880 2162 958 2210 sarta
978 2163 1037 2217 tuo.

241 2311 250 2318 .
351 2236 466 2316 Perque
489 2254 586 2293 manus
607 2252 663 2312 ego
684 2252 789 2314 perque
811 2231 898 2313 pedes
920 2235 1026 2296 ferrum
1047 2232 1122 2294 istud
1143 2235 1246 2316 adegi,

436 2319 518 2378 llaec
539 2327 568 2376 te
589 2327 691 2376 cuneta
713 2318 769 2376 mei
790 2317 876 2377 ferre.
891 2317 1006 2396 subegit
1026 2339 1127 2378 amor:

353 2400 439 2490 Quod
462 2421 513 2481 pro
535 2420 580 2460 me
601 2398 747 2472 indueras,
767 2421 819 2480 pro
840 2420 885 2461 me
902 2413 947 2461 est
965 2402 1088 2462 lacerum
1106 2402 1229 2484 undique
1244 2425 1376 2489 rurpusa3

436 2484 614 2546 Vulneribus
637 2503 690 2544 noe
711 2485 767 2543 iam
787 2505 854 2564 pars
880 2497 956 2564 patet
975 2486 1031 2545 ulla
1052 2487 1145 2547 novis.

172 2610 178 2630 .
211 2581 256 2628 ast
296 2577 337 2634 bb
357 2569 399 2632 Et
418 2589 502 2632 eesso
523 2569 553 2626 in
574 2565 741 2648 laerymas‘l
761 2587 834 2645 quae
856 2589 900 2628 me
922 2570 1007 2648 tigris
1030 2590 1149 2648 aspera,
1172 2591 1245 2652 quae
1267 2593 1317 2634 me

437 2653 516 2713 Ursa
536 2650 619 2710 ferox
641 2651 728 2710 silvas
749 2650 826 2710 inter
840 2662 869 2712 et
891 2663 973 2712 antra
992 2652 1081 2712 tulit‘l

354 2734 479 2800 Fundito
501 2735 647 2813 largifluus
668 2734 788 2794 immitia
809 2734 915 2794 lumina
936 2737 1037 2808 lletus,

438 2805 562 2896 Tundite
582 2817 622 2877 nil
644 2818 752 2878 veritae
773 2830 889 2898 portora
910 2817 980 2878 dura
1002 2841 1111 2881 manua.

268 2924 271 2934 ·
355 2901 434 2966 Anto
457 2922 569 2963 erueem
590 2913 637 2972 te,
660 2900 798 2974 Christe,
822 2913 897 2962 tuam
919 2905 1063 2984 proiectus
1083 2901 1188 2978 adoro,

293 2993 334 3050 5ss
437 2985 482 3046 Aa
504 2987 572 3045 lieet
591 2984 708 3064 indigno
728 2996 757 3045 te
780 2997 874 3046 tamen
896 3005 946 3046 ore
965 3007 1085 3066 precor,

355 3072 412 3145 Ut,
437 3067 548 3148 quando
571 3071 686 3146 generis
710 3067 805 3128 lavisti
827 3071 946 3130 erimina
968 3071 1078 3143 nostri,

439 3150 527 3233 Quod
547 3153 609 3212 siue
630 3162 660 3212 to
681 3151 786 3210 inlerni
809 3151 915 3231 praeda
934 3155 1054 3214 latronis
1077 3164 1156 3227 erat,

358 3235 527 3300 Sordentem
545 3235 624 3295 vitiis
647 3254 691 3294 me
714 3244 744 3294 et
763 3229 877 3315 brobris
898 3236 1020 3316 undique
1040 3249 1169 3317 opertum

363 3335 365 3344 ·
432 3317 482 3379 *Et
501 3318 585 3377 nimis
609 3316 753 3378 illecebris
775 3320 905 3400 eorporis
927 3322 1111 3401 implicitum,

293 3409 334 3464 55
354 3403 530 3482 Quamquam
551 3401 739 3484 obluctantem
761 3412 809 3462 tua
831 3423 883 3484 per
902 3407 1026 3484 vestigia
1046 3404 1153 3480 ducas,

439 3486 669 3566 Partieipemquo
691 3487 733 3546 tui
754 3488 880 3548 muneris
901 3508 968 3550 esse
989 3489 1089 3550 velis..

607 3653 664 3716 Ν.
707 3603 771 3715 an
798 3651 1021 3716 nannum.

287 3791 289 3798 ·
357 3731 487 3832 Oorux
507 3773 596 3832 tincta
618 3772 694 3831 sueri
717 3771 832 3831 llumine
854 3774 1021 3852 sanguinis,

358 3851 436 3914 Olim
458 3856 624 3936 supplicium
647 3856 795 3936 mancipiis
817 3875 927 3934 gravo,

357 3937 443 3998 Nune
464 3959 562 4020 regum
585 3940 670 4019 capiti
690 3939 872 4020 praecipuum
893 3939 1000 4014 donus,
1053 4009 1054 4012 Ἴ

358 4021 403 4082 Ta
423 4023 496 4082 lloxo
518 4024 637 4084 colimus
660 4043 746 4102 genu.

318 4109 340 4164 a
444 4103 524 4167 Crux
542 4106 639 4168 hostes
661 4108 803 4167 hominum
825 4107 886 4168 sola
909 4111 1008 4186 procul
1023 4103 1125 4190 lugat,
1161 4137 1171 4160 ·

249 4217 251 4230 ·
360 4186 440 4249 Crux
459 4191 521 4250 sola
541 4189 654 4251 insidiis
675 4193 766 4252 munit
786 4191 822 4252 ab
842 4192 983 4255 omnibus.

358 4271 492 4334 Adversa
512 4273 669 4354 intrepidus
689 4274 847 4356 despiciat,
872 4276 957 4350 lieet,

361 4353 451 4418 Cuius
476 4377 543 4440 spes
564 4377 650 4422 eruco
670 4360 781 4424 nititur.
