2992 5066
279 255 358 364 ιε’
512 237 517 254 ’
590 287 1015 354 nunnmnnnnnrm

280 457 392 536 modum
415 457 541 520 amicitia
561 467 661 518 nostra
678 455 811 540 postulat.
854 457 995 522 Tremuit
1013 455 1175 520 cardinalis
1197 459 1368 520 mentionem

281 545 338 606 feci
358 563 422 622 cap.
446 541 471 603 l.
494 542 546 602 lib.
569 540 657 605 Vlll.
702 542 763 615 tui,
783 541 855 600 locis
876 541 985 617 tribus,
1007 554 1040 604 nt
1057 539 1178 622 legendo
1196 544 1366 620 cognosces.

220 635 269 684 att
281 626 372 690 Plura
385 625 513 705 exempla
529 625 690 698 misissem,
711 643 784 704 quae
801 624 1038 686 distribuerentur
1056 627 1199 699 Villario,
1224 625 1366 700 Iannotio,

282 710 415 783 Laurea,
443 707 563 772 Torodi.
616 705 676 769 Sed
703 707 836 768 sudasset
858 710 991 787 gerulus,
1014 711 1183 790 praesertim
1203 709 1247 768 his
1269 707 1368 770 diebus

282 794 418 866 aestivis,
442 793 543 872 quibus
562 793 654 852 rubro
672 794 808 854 Canicula
815 792 908 871 findit
922 794 1064 875 Insoater's
1081 792 1250 875 statuas.*)
1285 791 1369 852 Alio-

282 879 331 958 qui
350 875 523 948 eiusccpnodi
544 885 610 936 sunt
624 876 679 934 mei
695 875 779 947 libri,
802 885 834 934 ut
850 897 921 936 nnus
937 877 985 936 uni
999 877 1061 936 loco
1075 877 1114 935 sit
1126 876 1197 938 satis
1214 895 1366 956 superque.

283 963 317 1040 Si
342 961 405 1040 qnis
431 979 449 1020 c
474 971 571 1020 vestra
597 957 714 1038 cohorte
736 978 856 1038 pransus
878 960 975 1019 horam
998 957 1119 1038 legendo
1139 957 1260 1039 perdere
1279 959 1367 1032 volet,

209 1115 221 1130 ·
283 1057 360 1104 tuum
383 1042 411 1102 ci
432 1042 633 1102 commodabis.
684 1041 843 1102 Praeterea
869 1042 932 1116 hoc,
947 1055 1074 1122 tempore
1100 1041 1235 1120 frigidum
1263 1041 1370 1121 aliquid

282 1124 473 1208 quaerendum
493 1138 522 1186 ct
539 1124 739 1207 providendum
760 1137 806 1186 est
824 1125 859 1186 ad
875 1127 927 1186 hos
947 1127 1058 1188 calores
1078 1137 1134 1185 tam
1152 1128 1244 1185 acreis
1261 1126 1370 1186 lenien-

284 1211 354 1272 dos:
379 1221 409 1270 ct
426 1229 480 1289 ego
499 1210 528 1268 in
547 1210 618 1270 meis
636 1208 718 1269 libris
737 1211 869 1290 suspicor
886 1211 1020 1291 pleraque
1035 1212 1075 1270 ita
1091 1208 1196 1288 frigida
1213 1211 1302 1270 visum
1318 1210 1367 1280 iri,
1487 1237 1488 1332 q

283 1305 315 1367 nt
335 1295 381 1355 vel
401 1294 473 1353 istas
492 1313 578 1372 aquas
603 1295 779 1372 quantumvis
800 1292 907 1354 calidas
929 1295 1105 1372 refrigerare
1125 1294 1247 1373 possint.
1298 1291 1368 1365 Sed,
1406 1301 1407 1304 ’

283 1377 393 1458 quando
403 1374 461 1459 il)
481 1377 512 1437 in
528 1397 662 1456 aquarum
677 1379 845 1437 montionem
861 1377 948 1438 incidi
957 1421 968 1451 ,
992 1379 1081 1438 tibine
1098 1378 1265 1456 profuerunt
1281 1389 1372 1455 aquae

283 1464 358 1522 istac
381 1460 547 1531 Lucenses,
576 1461 678 1540 quibus
703 1471 732 1520 tc
754 1459 816 1520 dies
838 1462 946 1541 aliquot
968 1482 1050 1521 usum
1073 1479 1138 1520 esse
1160 1458 1267 1520 audio‘l
1304 1459 1370 1534 Quo

284 1542 414 1627 (malum)
435 1544 555 1604 consilio
574 1555 623 1603 aut
642 1562 697 1622 qua
717 1564 785 1624 spe,
807 1565 869 1605 cunr
888 1546 1017 1616 valeres,
1039 1554 1082 1604 tot
1099 1564 1232 1622 aquarum
1250 1543 1370 1624 cyathos

284 1626 427 1688 hausisti?
456 1629 538 1706 qnasi
563 1647 633 1687 vero
655 1628 768 1700 vinum,
791 1629 961 1708 pracsertim
982 1623 1200 1706 refrigeratum,
1224 1627 1277 1685 hoc
1299 1637 1371 1686 tcm-

179 1725 182 1730 '
283 1731 353 1793 pore
371 1731 427 1770 non
449 1711 488 1770 sit
507 1721 536 1770 et
554 1711 655 1770 melius
674 1721 704 1770 et
724 1711 877 1772 salubrius.
921 1711 1142 1782 Verumtamen,
1165 1711 1191 1769 si
1212 1710 1284 1769 benc
1307 1730 1372 1769 ces-

284 1797 333 1868 sit,
356 1806 387 1854 ut
405 1813 489 1873 spero
513 1803 543 1852 et
562 1795 664 1874 cupio,
687 1793 825 1874 gratulor.
876 1793 1019 1855 Defessus
1042 1813 1103 1853 sum
1127 1791 1290 1866 scribendo,
1314 1815 1370 1852 non

282 1889 313 1936 tu
333 1877 418 1938 etiarn
440 1875 584 1956 legendo?
604 1875 691 1948 Vale,
716 1879 754 1937 mi
774 1875 925 1949 Lambine,
947 1879 1101 1938 anticorum
1125 1898 1249 1936 meorum
1265 1877 1367 1956 prime,
1418 1891 1430 1938 ·.

283 1971 312 2022 et
331 1980 376 2020 me
398 1981 479 2032 anna,
505 1961 611 2038 tibique
629 1959 787 2040 persuade,
812 1972 842 2020 te
864 1962 932 2020 mihi
948 1963 1087 2020 inanimo
1105 1961 1273 2039 insculptum
1290 1980 1367 2022 csse.

181 2111 184 2122 ¹
281 2043 349 2104 Non
369 2041 460 2120 audeo
483 2053 511 2103 te
535 2064 638 2116 orare,
668 2054 697 2102 ut
720 2045 789 2104 mibi
810 2045 972 2118 rescribas,
1002 2044 1100 2124 culpae
1122 2064 1202 2104 meae
1225 2045 1367 2104 conscius.

281 2127 393 2188 Verum
411 2129 437 2188 si
453 2138 500 2185 tua
518 2139 618 2208 sponte
632 2127 749 2201 loceris,
765 2139 844 2188 tanto
857 2128 1004 2188 humanius
1020 2138 1103 2207 atquo
1117 2129 1235 2186 amicius
1251 2128 1367 2188 leceris.

282 2208 427 2271 Cucuroni
446 2211 566 2290 primum
583 2211 720 2270 salntem:
744 2209 960 2310 deindqdices,
986 2232 1030 2273 me
1047 2212 1158 2270 iamim
1174 2212 1201 2270 ei
1219 2212 1370 2290 propinare

282 2293 336 2354 hoc
355 2295 415 2356 vini
436 2293 492 2353 albi
514 2293 696 2374 liquidissimi
717 2304 747 2354 et
765 2297 861 2374 optinrt
882 2295 1031 2378 poculum:
1056 2293 1130 2373 quod
1148 2293 1258 2374 quidem
1276 2297 1369 2354 vinnm

282 2398 338 2456 ego
355 2397 429 2438 nunc
448 2378 477 2435 in
494 2375 547 2435 hoc
563 2377 666 2456 cyatho
681 2379 773 2437 vitreo
787 2377 870 2438 video
886 2377 1030 2458 trepidare
1046 2389 1075 2437 et
1087 2380 1214 2437 llammac
1230 2378 1370 2454 vibrantis

282 2461 312 2519 in
336 2481 442 2520 morem
470 2460 586 2518 micare.
638 2459 704 2538 Ego
725 2469 755 2518 tc
776 2479 885 2540 quoquc
904 2460 940 2519 ad
962 2460 1175 2522 combibendum
1197 2460 1370 2532 invitarem

283 2542 334 2603 scd
355 2553 448 2602 utrum
470 2542 511 2600 sis
527 2543 701 2601 etiamnunc
720 2534 893 2625 δύστροπός
909 2567 956 2616 τις
971 2543 1020 2606 καὶ
1039 2540 1123 2626 iidtop
1142 2542 1252 2616 πίνων,
1275 2564 1311 2604 an
1334 2542 1371 2602 ad

201 2681 203 2686 .
281 2628 387 2686 victum
414 2625 565 2705 pristinum
591 2623 731 2698 redieris,
766 2629 875 2688 nescio.
927 2627 1033 2689 lterum
1054 2627 1127 2688 vale.
1157 2626 1244 2688 Ferr.
1277 2647 1305 2686 a.
1337 2626 1366 2686 d.

190 2763 192 2768 .
282 2703 369 2770 Xlll.
393 2708 460 2770 Kal.
486 2707 567 2769 Sext.
593 2728 666 2768 anno
685 2706 881 2771 ΜΒΙΑΙΧ.γ
960 2745 966 2748 -

454 2873 525 2938 xv.
570 2872 829 2940 nanninus
858 2875 1066 2955 anenno
1097 2878 1130 2940 s.
1161 2875 1202 2938 n.
1236 2845 1244 2862 '

280 2984 523 3076 Encnsootnsm
540 3025 636 3088 tuem,
659 3037 713 3077 cor
730 3018 839 3078 tamdiu
855 3021 931 3078 ntbr’l
942 3020 983 3078 od
996 3039 1039 3078 me
1054 3023 1224 3100 scnpscrr's,
1248 3022 1367 3100 accepti).

281 3101 383 3176 ltaque
401 3102 458 3158 tom
475 3121 531 3160 noa
550 3102 736 3160 som'irotns.
779 3103 898 3163 Labrone
919 3121 1004 3160 natam
1026 3105 1098 3163 Vor.
1120 3107 1199 3164 Lect.
1222 3105 1375 3165 Cartenna·

282 3183 366 3240 dedi:
398 3187 519 3242 alteram
540 3185 615 3242 mt'dt'
632 3203 713 3243 sermo
732 3188 916 3264 grauemque
935 3186 1035 3245 dobeo.
1079 3188 1279 3248 Lt'brortiirum
1287 3184 1367 3268 Μ)

282 3265 401 3337 meando,
430 3269 661 3345 quemadmodum
681 3277 713 3326 tu
730 3271 981 3350 praescripserat,
1013 3273 1126 3330 sushtb'.
1184 3275 1264 3343 Tuo,
1298 3290 1371 3350 punc

282 3365 326 3406 are
343 3352 491 3426 corregere
508 3353 626 3410 volubtn'
640 3353 749 3422 nocuas,
769 3349 830 3431 (sic
849 3355 921 3411 cratin
938 3351 1145 3436 zitterpretor,)
1165 3357 1244 3415 nollo
1262 3355 1367 3432 reperi.

281 3433 393 3490 hocas
411 3443 520 3492 tantam
539 3437 615 3493 locos
635 3437 750 3506 notoni,
773 3437 802 3494 in
819 3436 921 3514 prabos
936 3435 989 3494 obs
1003 3447 1031 3495 to
1046 3438 1191 3497 dt'sscntzb.
1238 3439 1296 3497 Sed
1313 3447 1368 3506 est,

282 3515 359 3592 quod
379 3525 469 3575 tecum
490 3519 675 3595 eaposmlcm.
718 3520 816 3578 Maior
835 3527 880 3592 te,
905 3539 967 3578 cam
988 3521 1078 3578 scrico
1093 3539 1140 3578 =mc
1155 3522 1371 3580 commentarios

281 3597 311 3656 tit
333 3601 484 3658 Horreum
509 3603 674 3678 icmpnilem
696 3603 846 3680 catirenaco
862 3613 892 3662 et
905 3605 1070 3681 prepediant
1087 3605 1115 3662 in
1132 3605 1219 3663 heom
1233 3603 1371 3684 proferre

212 3692 262 3740 896
281 3692 368 3759 etque
393 3685 478 3742 cdere
502 3687 651 3762 cogitare,
683 3703 800 3763 cumque
820 3687 891 3744 odeo
907 3689 1048 3764 pleraque
1068 3688 1097 3747 ia
1119 3690 1160 3746 cr's
1176 3690 1286 3766 portata
1309 3705 1370 3745 meo

281 3773 407 3842 rogata,
432 3770 542 3844 partlm
573 3777 624 3827 tua
648 3779 747 3846 sponte
777 3769 912 3848 tegztses=
944 3765 1097 3829 cmtbt'tritm
1123 3781 1271 3830 nostram:
1300 3789 1368 3848 age,

281 3851 362 3908 mitto
384 3853 556 3910 omt'cz‘ttitm:
586 3852 809 3923 dnmonitatcm,
832 3855 1021 3931 oeqnt‘totcm,
1043 3857 1165 3913 omninno
1190 3855 1370 3914 consuctudi-

281 3951 345 3992 ncm
366 3935 543 4012 usqueadeo
561 3936 721 4012 neglecdssc
739 3955 775 3994 oc
790 3936 1019 4020 parvifacere,
1043 3947 1077 3997 ot
1095 3939 1168 3997 molti
1180 3958 1258 4016 eneas
1273 3936 1370 3997 oiade-

287 4155 289 4160 .
336 4125 370 4180 n)
390 4127 472 4170 norat.
495 4128 546 4171 sat.
565 4127 594 4172 n.
615 4126 638 4171 ὅ.
660 4125 698 4172 39.
721 4123 763 4172 nti
776 4125 826 4172 virt.
842 4125 964 4174 Heindorf.
999 4127 1069 4182 Quod
1083 4125 1192 4183 sumtus
1205 4125 1309 4182 ottomd,
1324 4135 1370 4170 no·
1410 4089 1412 4094 ι

280 4182 357 4234 tatum
371 4192 446 4237 supra
460 4186 498 4228 est
512 4194 566 4238 pag.
582 4183 619 4228 ⁷6.
635 4185 663 4229 m.
692 4187 737 4229 Fa.

336 4254 387 4309 tro)
404 4254 439 4300 ct
455 4256 509 4301 adn.
525 4266 580 4310 pag.
595 4254 634 4301 67.
651 4257 680 4300 lt.
708 4257 754 4302 mn.

334 4326 404 4381 tut)
420 4328 459 4372 stc
473 4329 559 4382 scripsi
574 4337 627 4372 cum
642 4329 694 4372 edd.
709 4329 776 4374 Brut.
789 4309 816 4375 lct
829 4327 909 4376 Paris.
937 4330 989 4389 [ot
1002 4342 1039 4390 cp.
1050 4329 1158 4380 anteced.
1172 4340 1228 4387 pag.
1243 4331 1280 4377 rt.
1292 4324 1370 4386 extr.)

235 4447 238 4452 Ι
278 4385 306 4430 tn
319 4383 445 4430 Ruhnken
461 4389 500 4430 cst
513 4385 651 4446 tiororron,
668 4383 733 4431 facili
746 4398 836 4434 errore.
864 4389 910 4434 bn
