2934 5070
289 245 358 320 Μ
680 237 958 310 *aucrnttutt

292 367 551 497 impertitione
565 409 649 488 natm
663 417 720 472 est
764 409 832 494 Ego
846 422 939 475 umen
953 431 1010 474 non
1024 408 1134 487 dubito,
1150 411 1220 494 qnin
1235 361 1327 474 Paeti
1342 432 1394 492 pes
1445 448 1446 451 =

268 573 270 582 Ι
293 501 390 564 verior
405 499 444 560 sit
458 517 540 578 qnam
561 493 679 555 cotottt.
724 493 804 569 Sed,
825 507 857 556 ut
871 494 943 570 dixi,
964 494 1117 557 discrimen
1135 491 1280 583 cstldylp
1299 499 1397 559 θεω-

308 577 401 667 ‘peda
427 581 460 644 Si
476 578 543 661 quid
559 599 577 638 a
593 597 638 638 me
653 552 731 638 abud
742 581 884 659 praestari
898 578 1036 661 uolesai)
1052 569 1108 641 non
1121 581 1196 647 enim
1210 581 1264 640 tibi
1285 599 1396 641 conce·

292 607 371 741 dam,
392 675 425 726 ut
438 675 469 724 ιιι
483 681 548 724 mea
562 681 665 723 caussa
679 661 742 742 plus
758 663 831 726 velis
848 683 930 744 quam
949 682 1004 743 ego
1018 674 1077 725 tna.
1119 663 1207 724 Nunc
1222 660 1260 723 a‘d
1279 683 1396 724 summa

293 753 387 834 capita
404 747 574 830 posterioris
590 744 729 826 epistolae
742 755 808 808 tuae
824 738 1013 828 respondebo.
1057 745 1138 820 Noli,
1154 747 1290 820 obsecro,
1307 765 1396 808 excu-

212 901 216 909 ,
294 841 413 906 sarete,
431 827 611 910 quotatnc
625 828 718 889 mium
733 841 865 904 securata
880 830 1003 891 scribas.
1026 829 1092 912 Ego
1110 830 1196 904 enim,
1214 831 1395 910 quivixun-

314 937 378 978 nam
400 912 538 1038 epistolas
561 931 643 977 meas
658 911 790 992 relegero
812 913 904 988 soleo,
928 913 1030 974 nedum
1051 911 1204 974 emendare
1223 927 1259 974 ac
1278 912 1395 974 descri-

316 998 413 1074 ειη*
436 999 449 1075 )
477 993 624 1057 concidam
643 995 760 1072 animo,
780 997 806 1056 si
825 1001 961 1077 cogitem,
985 997 1054 1057 mibi
1074 1016 1185 1078 queque
1205 996 1392 1076 cogitandum

295 1103 380 1155 csso,
402 1100 466 1144 cum
486 1079 523 1141 ad
541 1089 571 1142 te
588 1079 723 1141 scribam.
766 1079 888 1142 Utamur
903 1081 996 1163 potius
1012 1081 1062 1140 illa
1073 1081 1165 1142 veteri
1183 1079 1393 1141 consuetudine

295 1163 441 1230 scribendi
454 1163 544 1224 amice
557 1181 591 1224 ae
607 1162 789 1224 familiariter
802 1161 935 1245 quicquid
952 1165 983 1224 in
1000 1163 1102 1226 solum.
1145 1163 1191 1236 Tu
1208 1161 1326 1244 quidem
1342 1164 1392 1222 mi·

295 1271 350 1314 nus
364 1249 480 1311 crebras
495 1267 512 1307 a
525 1266 570 1307 me
583 1246 695 1306 litteras
711 1247 853 1328 accipies,
874 1249 900 1308 si
920 1267 981 1308 eom
998 1248 1068 1306 mihi
1083 1248 1284 1308 necessitatem
1302 1249 1392 1327 impo-

187 1411 189 1414 .
295 1353 368 1408 nas,
391 1341 423 1392 ut
443 1349 516 1412 quaa
538 1326 574 1390 ad
597 1338 626 1388 te
648 1330 771 1391 scribam
793 1332 896 1393 limare
914 1351 948 1392 oo
967 1329 1059 1412 polire
1076 1350 1175 1409 cogar.
1219 1326 1309 1407 Quod
1323 1331 1390 1390 mibi

226 1678 275 1731 dli

295 1418 372 1479 ultro
404 1413 502 1475 delere
526 1411 649 1474 indicem
673 1413 811 1474 librorum
832 1415 879 1497 qui
902 1423 969 1474 sunt
991 1414 1022 1474 in
1043 1413 1217 1475 bibliotheca
1237 1413 1388 1484 Caesaris,

295 1499 424 1579 adeoque
449 1495 562 1577 siquid
584 1495 709 1556 describi
731 1498 838 1571 velim,
862 1509 894 1558 nt
912 1495 943 1558 id
962 1498 1028 1570 liat,
1051 1509 1213 1558 curaturum
1228 1497 1389 1578 polliceris,

296 1585 388 1646 amice
409 1599 529 1660 magne,
553 1581 616 1660 quis
630 1579 683 1640 tibi
699 1583 801 1660 genius
817 1579 913 1662 idque
927 1601 982 1660 ego
997 1601 1053 1642 uno
1067 1581 1189 1642 maxime
1204 1601 1238 1642 ac
1252 1581 1391 1640 facillime

298 1668 363 1748 capi
384 1684 521 1746 possem,
543 1661 704 1724 indicavit?
732 1663 821 1726 Certe
841 1667 938 1739 enim,
963 1667 990 1726 si
1011 1663 1200 1748 cumlllysse
1225 1665 1348 1724 inissem
1363 1674 1392 1724 et

296 1751 416 1813 Sirenes
433 1747 502 1809 mibi
518 1744 576 1807 tale
591 1745 700 1826 aliquid
716 1758 921 1822 ostentassent,
944 1748 975 1820 in
990 1767 1068 1810 mare
1081 1767 1137 1822 me,
1159 1749 1273 1828 opinor,
1295 1767 1392 1827 quam·

296 1853 379 1914 quam
395 1852 451 1891 uon
464 1829 546 1891 valde
558 1829 649 1890 bonus
664 1841 788 1904 natator,
811 1833 1011 1913 coniecissem,
1033 1843 1065 1892 nt
1078 1828 1116 1892 ad
1132 1851 1181 1892 eas
1196 1826 1388 1912 pervcriirem.

296 1915 424 1979 lntliccm
447 1915 537 1994 igitur
557 1912 636 1973 illum
650 1913 817 1976 avidissime
838 1925 984 1996 exspecto.
1029 1915 1122 1992 Quem
1139 1914 1277 1976 bonorem
1293 1913 1392 1974 babuit

297 1999 409 2062 Caesar
426 2001 473 2062 ‘r‘
490 1995 645 2082 μακαρίτῃ
667 1995 770 2059 Paullo
790 1998 940 2072 Manutio,
963 1997 1057 2072 idem,
1081 2010 1113 2058 ut
1132 1999 1201 2058 mibi
1217 2018 1329 2078 quoquc
1344 1997 1391 2056 ba·

295 2083 399 2146 beatur
405 2081 445 2156 ,i
470 2078 505 2165 n)
515 2095 518 2102 ‘
528 2076 603 2161 quod
621 2081 748 2142 ostendis
763 2082 848 2143 facile
862 2093 959 2164 perte
973 2094 1068 2163 ctpcr
1082 2081 1225 2144 Matthaei
1242 2082 1328 2144 Stulii
1345 2101 1392 2160 pa·

297 2178 371 2229 trem
396 2165 563 2246 impetrari,
589 2163 617 2224 si
639 2163 737 2238 velim,
757 2185 861 2246 posses
885 2164 1063 2247 respondebo
1083 2166 1136 2226 tibi
1151 2175 1256 2246 aperte
1279 2177 1309 2226 et
1328 2165 1392 2224 bre·

296 2251 384 2312 viter.
428 2247 494 2328 ligo
517 2245 629 2326 quidem
648 2266 763 2327 per-me
785 2247 814 2308 id
830 2249 900 2308 mibi
918 2261 1018 2330 petere
1033 2271 1089 2310 non
1106 2247 1259 2322 auderem,
1282 2268 1320 2308 ne
1337 2269 1392 2308 am·

296 2333 420 2394 bitiosus
441 2331 574 2403 viderer,
595 2349 669 2390 neve
691 2329 838 2391 irridendi
852 2333 912 2413 meix
928 2333 1107 2394 occasionem
1131 2334 1262 2414 cuiquam
1283 2331 1389 2402 darem,

298 2418 325 2477 si
340 2417 414 2477 forte
430 2412 460 2475 id
475 2423 602 2496 peterem
616 2433 709 2494 neque
724 2415 852 2476 obtinere
867 2435 994 2497 possem3
1009 2414 1062 2477 sed
1079 2417 1104 2476 si
1117 2436 1169 2495 per
1182 2417 1290 2476 amieos
1306 2435 1392 2501 nego·

301 2501 371 2561 tium
390 2497 491 2560 confici
505 2507 615 2578 posset,
635 2497 720 2577 louge
734 2499 884 2578 plurimum
900 2499 1006 2562 debere
1021 2509 1051 2562 et
1064 2498 1228 2561 Caesareae
1242 2498 1391 2558 Maiestnti

298 2593 330 2646 et
348 2585 403 2656 iis,
426 2583 473 2662 qui
490 2581 559 2642 mibi
575 2569 682 2640 tanlum
702 2581 838 2642 bonorem
853 2583 889 2644 ab
903 2583 955 2643 illa
968 2583 1182 2656 conciliassent,
1206 2591 1237 2642 et
1255 2601 1393 2662 agnosco-

297 2685 360 2729 rem
382 2677 410 2726 et
432 2663 641 2747 praedicarem.
685 2660 869 2746 Exspectabo
883 2666 990 2744 igitur,
1012 2664 1076 2727 dum
1091 2685 1177 2746 super
1190 2675 1273 2728 ea're
1288 2663 1392 2745 aliquid

299 2748 337 2812 od
358 2770 404 2811 me
425 2748 600 2830 exploratius
625 2747 755 2808 scribas:
781 2768 815 2810 ao
833 2760 892 2811 tum
913 2748 1042 2824 demum,
1065 2751 1091 2810 si
1113 2749 1211 2824 voles,
1234 2751 1341 2810 mittam
1357 2746 1391 2808 ad

298 2845 330 2896 te
354 2831 482 2910 familiae
503 2849 585 2891 mene
607 2829 770 2915 διΐγμα.·Ι-)
813 2833 873 2895 Sed
891 2834 958 2912 quia
978 2853 1050 2912 ego,
1073 2833 1203 2894 cumiam
1222 2829 1331 2912 pridem
1348 2852 1391 2892 sa·

299 2914 402 2980 eerdos
426 2918 499 2990 sim,
522 2915 597 2974 lilios
620 2934 656 2975 ex
673 2935 719 2977 me
733 2915 894 2997 relinquere
909 2937 964 2976 non
981 2937 1115 2996 possum,
1138 2917 1163 2975 si
1181 2915 1247 2996 quid
1262 2916 1333 2974 mibi
1345 2935 1390 2976 ve-

186 2995 189 3004 ’
299 3009 361 3062 stra
382 3017 470 3081 opera
490 2994 683 3072 concedetur,
707 3017 840 3080 cuperem
859 2998 890 3060 itl
905 3011 935 3060 et
949 2997 986 3060 ad
999 2999 1045 3061 Μ’.
1062 3000 1220 3059 Αιιιοιιίιιιιι
1234 2999 1387 3070 Monetam,

298 3085 400 3144 fratris
417 3082 473 3143 mei
489 3081 595 3154 lilium,
617 3101 737 3162 magone
752 3084 814 3164 spei
829 3103 964 3165 puerum,
987 3103 1070 3164 quem
1083 3096 1138 3161 ego
1151 3103 1167 3143 c
1185 3081 1283 3142 Gallia
1298 3102 1389 3142 arces·

299 3168 385 3228 situm
401 3165 449 3226 bic
469 3160 578 3224 mecum
596 3163 704 3238 educo,
728 3177 757 3226 et
771 3165 807 3226 ad
819 3168 1056 3248 posterosipsius
1069 3167 1224 3246 pertinere.
1266 3164 1315 3226 De
1328 3187 1390 3245 pro·

299 3251 427 3310 sectione
447 3258 497 3308 tua
517 3245 592 3327 quod
615 3249 645 3307 in
668 3248 794 3332 inoff)
816 3250 955 3330 epistolae
970 3249 1170 3330 adscripsisti,
1192 3250 1232 3308 ita
1245 3249 1314 3308 milri
1328 3269 1389 3328 grs-

300 3342 360 3393 tum
383 3351 418 3396 ac
443 3329 595 3391 iucundum
614 3332 686 3407 luit,
707 3344 739 3392 ut
752 3333 823 3394 nihil
835 3353 932 3414 supra.
975 3333 1051 3393 Arna
1067 3353 1130 3414 me,
1154 3331 1231 3392 Bloti
1244 3333 1347 3414 optime
1363 3343 1389 3391 et

301 3413 516 3487 eruditissime,
548 3424 578 3473 et
600 3417 691 3488 scito,
714 3435 760 3478 me
785 3417 838 3477 tibi
860 3419 890 3478 in
914 3436 1011 3478 amore
1033 3427 1170 3496 perpetuo
1192 3435 1388 3498 responsurum

235 3501 242 3512 “
300 3517 380 3561 esse.
421 3497 511 3563 Vale.
526 3493 638 3573 Roma,
663 3499 757 3561 Nonis
772 3499 909 3576 Martiis,
929 3499 1140 3562 MDLXXIX.

254 3661 256 3670 ’
357 3663 619 3722 pinnatensem.
648 3665 795 3713 Aminnias
813 3667 927 3722 supplet,
946 3663 989 3722 foc
1002 3665 1102 3712 sotem.

357 3738 574 3795 seponerem.
601 3738 626 3784 A
640 3739 730 3786 Mureti
743 3749 815 3786 manu
829 3741 895 3787 haud
909 3737 980 3784 dubie
992 3742 1030 3784 est
1041 3738 1182 3784 renum.
1196 3737 1227 3782 t).
1236 3736 1267 3783 rt
1282 3759 1312 3772 ·-
1330 3738 1387 3784 soe·

300 3799 352 3853 tos.
373 3797 445 3842 caes.
465 3805 518 3850 esp.
531 3795 572 3840 56.
600 3797 681 3840 Pottto
702 3799 799 3842 Asiam
816 3807 903 3852 parton
916 3797 1041 3852 ιιιιιραιιεν
1052 3805 1182 3850 pomaque
1193 3793 1286 3850 moero
1298 3796 1388 3839 oenus

300 3855 441 3908 cooporans
461 3849 678 3909 (cormnentartos)
695 3853 763 3908 putot
776 3877 805 3888 -
819 3853 984 3908 existimatque
1001 3852 1173 3906 reemptmen
1190 3853 1215 3896 ct
1233 3854 1388 3897 correctiones

299 3910 384 3970 fidus.
412 3908 476 3956 Pltn.
492 3908 563 3963 epist
578 3909 607 3954 V.
622 3909 646 3954 8.
662 3911 688 3966 s.
703 3910 726 3956 6.
741 3919 779 3967 sp.
793 3911 846 3957 Vll.
860 3911 884 3957 9.
899 3909 924 3966 S.
939 3910 964 3954 a.
988 3910 1038 3955 ‘rm
1131 3922 1134 3931 ¹

358 3979 430 4036 m)
450 3981 581 4028 liobam,
615 3981 676 4026 Post
695 3984 743 4027 troc
760 3985 862 4030 vertum
875 3979 1022 4028 mattos
1041 3979 1141 4035 mutet
1160 3977 1267 4037 meo,
1283 3977 1341 4033 qood
1355 3979 1388 4024 est

300 4041 386 4086 eontra
398 4037 564 4087 Latinitatem.
591 4038 668 4084 Nonis
681 4039 743 4086 nibil
757 4041 845 4088 deuse
858 4039 970 4098 vitetur,
991 4037 1020 4083 st
1029 4034 1065 4082 tto
1078 4031 1276 4096 memorasses,
1295 4039 1322 4085 ut
1332 4035 1387 4082 iect-

189 4095 364 4149 &nmo

302 4209 345 4264 ἴω
346 4149 400 4258 epu}
401 4153 428 4256 ι1.
437 4152 595 4258 {aalma
623 4153 733 4209 Namque
747 4151 778 4200 do
791 4138 924 4200 altuenum
937 4153 1033 4250 timeto
1047 4145 1182 4202 nobilitatis
1196 4145 1339 4198 ornamentis
1351 4145 1387 4204 apt

360 4277 417 4344 ti)
430 4279 469 4336 ct.
483 4281 539 4332 ru.
553 4283 572 4332 ι
586 4283 713 4342 papam.
727 4253 786 4344 sun
796 4283 821 4331 s
842 4269 896 4331 'rc

656 4377 1074 4402 m
