2960 5070
178 272 199 318 ἱ

358 295 384 318 ‘'
444 315 573 407 qaum.
597 313 695 381 vnn.
719 254 898 387 mum.
1008 357 1096 416 Γ.
1156 331 1231 398 325,

159 495 182 548 u
289 482 316 546 0
338 403 419 546 adela
440 481 547 545 dilecta
567 480 666 544 domus
686 494 839 565 postesque
861 485 967 570 beati,

204 571 286 644 Quas
307 589 371 666 ega
383 571 439 628 iam
456 567 569 667 pridem
593 578 653 628 tota
673 567 743 627 mihi
766 571 860 630 mente
875 574 1018 652 cupitos,
1069 641 1071 653 Ι

202 653 288 714 Nunc
307 650 447 732 ιιιιιιιιιιιι,
471 653 577 714 ueteris
599 652 658 711 vati
679 671 766 724 reus,
790 652 947 714 advena
919 677 1003 730 vrso,

146 736 337 804 Salvete.
357 733 544 828 adspectique
564 733 632 794 mihi
656 735 782 796 feliciter
802 737 883 798 este!

284 807 386 880 Vashe
406 837 459 896 per
478 817 624 891 aetherias
645 803 770 878 Iudaeae
791 840 809 879 a
830 819 933 880 finibus
957 843 1023 884 oras

134 907 181 962 ta
201 899 371 980 Aligerum',
389 899 545 962 mandante
566 887 650 972 Dea,
672 921 787 963 vexere
792 903 938 983 manipli?

199 985 258 1044 llic
277 985 373 1064 Virgo
395 985 528 1062 genitura
549 982 661 1056 Deum,
684 986 832 1063 genitricis
856 987 892 1046 ab
915 989 980 1049 alva

198 1067 328 1140 Pradiit,
352 1078 385 1127 et
401 1066 513 1128 blandis
533 1068 631 1128 mulsit
649 1069 792 1147 vagitibus
815 1090 918 1130 auras.

152 1151 257 1211 tlte
279 1169 409 1230 quoqne,
431 1151 556 1230 virginei
579 1162 693 1210 servata
713 1151 796 1212 laude
817 1153 956 1232 pudoris,

197 1235 304 1296 Sancta
327 1229 476 1294 salutifero
499 1245 660 1296 tumuerunt
681 1235 795 1294 viscera
815 1237 917 1296 laetu‘l

128 1324 172 1386 aa
194 1317 249 1378 llle
269 1319 366 1397 opifex
385 1327 568 1389 cunctarum,
591 1317 641 1377 illa
663 1329 780 1377 aeterna
802 1320 886 1378 unica
906 1321 1022 1400 proles,

195 1400 298 1480 Aequa
318 1401 430 1473 Patri,·
444 1399 493 1460 ille
515 1399 621 1459 homini
643 1403 787 1480 primaeva
809 1402 844 1460 ab
865 1402 979 1483 origiue
1002 1405 1083 1486 lapso

194 1486 281 1564 Spem
302 1485 383 1544 caela
402 1479 546 1562 vitamque
566 1484 684 1556 ferens,
709 1481 763 1543 linc
784 1485 884 1543 lusit
875 1508 904 1545 ιιι
927 1488 992 1546 aula

192 1567 336 1628 Paruulus
358 1577 387 1625 et
408 1577 525 1626 sanctae
545 1565 649 1626 blanda
670 1567 772 1626 obtulit
792 1569 891 1629 ascula
914 1570 1020 1630 matri‘l

280 1650 427 1748 Quaenam
448 1651 538 1728 igitur
560 1669 658 1730 regum
680 1649 777 1722 sedes,
800 1671 872 1730 quae
894 1655 1000 1733 templa
1021 1673 1074 1734 per
1090 1655 1187 1718 orbem

125 1739 170 1796 20
191 1733 271 1795 Huic
291 1753 325 1796 se
344 1733 439 1792 ausint
459 1733 592 1793 conferre
615 1732 704 1792 local
724 1745 769 1793 ter
791 1735 961 1814 etamplius
983 1757 1108 1804 amnes
1181 1757 1184 1764 ·

145 1818 270 1878 Ante
291 1815 363 1876 elias
384 1815 455 1876 felix
474 1813 576 1876 Piceni
599 1815 704 1876 littoris
727 1835 798 1876 ara:

189 1899 250 1961 Cui
271 1899 403 1980 Solymos
426 1910 557 1980 spectare
580 1897 673 1971 domi,
697 1901 744 1960 aui
765 1921 899 1961 manere
898 1899 999 1962 divum

188 1983 252 2044 Fas
274 1983 386 2042 calcare
407 1982 482 2041 domi
506 1993 551 2042 est
570 1981 689 2062 pedibus
712 1985 834 2061 vestigia
857 1983 980 2044 Christi.

275 2065 322 2126 Ειι
329 2084 400 2145 ega
419 2067 482 2127 iam
499 2067 618 2144 supplex
638 2067 831 2144 procumbam,
855 2077 939 2146 atque
959 2069 1058 2129 osenla
1080 2070 1166 2150 figam

123 2155 166 2210 28
189 2149 357 2212 Parietibus
381 2151 508 2220 sanctis,
531 2168 719 2228 spargamqne
739 2149 794 2210 hac
814 2151 933 2230 pulvere
954 2153 1061 2212 crines.

275 2231 404 2311 Adspice
426 2252 470 2291 me
492 2232 604 2310 superis
624 2245 644 2291 e
666 2232 802 2305 sedibus,
826 2231 962 2313 adspice,
987 2236 1102 2316 Virga,

187 2315 370 2383 Prostratum
393 2327 487 2394 atque
484 2315 559 2374 imo
584 2315 707 2393 gemitus
728 2335 765 2376 ex
786 2315 872 2376 corde
892 2317 1014 2378 cientem
1112 2329 1115 2349 ‘
1215 2380 1221 2394 ,

187 2399 231 2461 Et
251 2408 350 2479 pectus
370 2399 533 2458 tundentem
556 2410 585 2457 et
604 2399 718 2458 lletibus
741 2419 792 2459 ora
813 2400 974 2478 rigantem·

186 2483 274 2554 Neu,
297 2490 452 2560 quanquam
475 2481 566 2560 culpis
587 2480 749 2565 adopertum
773 2483 924 2564 turpibus,
947 2503 1015 2544 arce

124 2571 168 2626 50
188 2565 338 2645 Adspectu
359 2573 424 2637 nte,
438 2563 544 2664 pivs,
566 2573 636 2622 tua·
663 2566 688 2624 si
711 2577 827 2645 pectore
848 2577 908 2627 tota
984 2583 987 2590 ⁴
1055 2637 1057 2645 Α

186 2651 233 2710 Τιι
256 2667 397 2720 veneror,
421 2649 447 2708 si
468 2659 517 2720 te,
542 2646 665 2706 dubiis
656 2669 686 2707 m
708 2649 811 2721 rebus,
835 2649 871 2710 ad
891 2667 974 2710 uuam

186 2730 351 2809 Coniugia,
374 2742 458 2812 teque
479 2731 633 2802 auxilium,
656 2734 857 2805 sanctissima,
877 2753 978 2813 posco.

270 2815 407 2875 Paenitet
427 2833 462 2873 ex
483 2816 577 2872 anima
597 2815 675 2874 vitae
698 2835 760 2888 me,
785 2815 881 2888 Diva,
903 2818 1030 2896 prioriS,
1088 2865 1093 2881 .

185 2898 342 2970 Paenitet,
364 2907 393 2956 et
413 2895 533 2956 meritos
553 2897 652 2955 horret
673 2917 752 2956 meus
771 2901 889 2958 aenscia
910 2919 1029 2982 paenas.

124 2986 165 3044 δὸ
187 2979 351 3057 Quodnisi
372 2991 403 3038 tu
425 2990 504 3038 casto
524 2977 692 3059 pendentem
714 2999 750 3040 ex
770 2981 858 3040 uhere
878 2993 974 3042 natum

185 3065 334 3125 Concilias
356 3063 509 3144 placasque
529 3062 617 3132 milri,
641 3083 696 3142 quo
717 3062 837 3123 tendere
858 3084 973 3127 cursum
1275 3125 1277 3131 ,

186 3149 290 3224 Quave
312 3145 394 3206 malis
416 3146 523 3206 fessam
544 3147 660 3205 tentabo
682 3145 832 3207 advertere
852 3147 1039 3228 puppim‘l
1212 3169 1258 3216 ιιι
1333 3200 1337 3212 ,
1398 3187 1401 3198 ·

269 3230 312 3289 At
332 3242 379 3302 tn,
402 3249 521 3308 namque
542 3229 638 3301 sales,
662 3228 782 3330 placida
795 3229 915 3308 dignare
934 3229 1064 3312 querelas

113 3313 114 3322 ’
185 3311 269 3375 Aure
289 3333 386 3386 meas,
396 3323 439 3373 et
458 3313 527 3372 ades
548 3313 655 3392 lapsis,
680 3314 849 3385 mitissima,
873 3315 970 3376 rebus.

105 3401 167 3474 ιθ
188 3397 277 3458 Certe
299 3395 428 3477 equidem
452 3407 511 3456 tata
531 3393 687 3496 pendentes
711 3384 781 3456 aede
802 3397 922 3456 tabellas

185 3479 343 3560 Adspicia,
366 3496 438 3560 quae
459 3490 489 3540 te
509 3479 624 3539 miseris
646 3491 761 3560 praesta
785 3499 851 3540 esse
872 3481 1033 3560 loquuntur.

135 3609 153 3623 ι.
185 3565 266 3636 llic,
289 3575 319 3623 te
340 3566 434 3624 auimo
451 3573 604 3642 spectans,
627 3569 783 3623 torrentem
805 3564 918 3632 uiscera
938 3563 1043 3624 febrim

161 3645 321 3727 *Depulitr
343 3647 393 3708 ille
414 3646 521 3726 hyadas
545 3646 643 3706 tristes
665 3645 841 3724 haedumque
861 3645 1009 3708 cadentem

188 3731 337 3810 Spectavit
356 3740 450 3801 tutus,
472 3727 648 3790 vertentibus
671 3749 796 3808 aequora
815 3730 926 3809 ventis,

125 3817 167 3874 dh
189 3812 232 3874 Et
251 3812 322 3874 duce
343 3824 373 3874 te
394 3813 501 3894 patrias
523 3814 619 3874 enavit
638 3815 732 3874 salvus
754 3810 793 3872 ed
814 3831 911 3886 aras3¹

187 3895 325 3958 Criminis
346 3898 396 3956 ille
415 3916 481 3957 reus
502 3897 588 3969 falsi,
611 3896 664 3956 sub
685 3896 779 3956 iudice
801 3895 893 3968 dura,
948 3965 950 3970 ,

186 3979 263 4041 Dum
284 3991 401 4041 mortem
423 3991 586 4060 exspectet,
609 3979 762 4040 tenebrosa
783 3997 902 4040 earcere
925 3981 1058 4053 densus,

186 4061 329 4138 Munera,
351 4061 447 4136 Diva,
470 4076 519 4124 tua
539 4062 650 4124 detecta
670 4063 788 4138 fraude,
812 4063 916 4125 revisit

186 4147 314 4208 Uxorem
335 4159 364 4208 et
385 4159 468 4208 natos
490 4157 706 4228 exoptatumque
726 4157 897 4227 parentem·

126 4227 167 4287 aa
269 4230 373 4312 (lego
393 4241 467 4291 nune
489 4231 595 4292 morbis
619 4232 708 4291 multo
729 4226 908 4309 gravioribus
929 4249 1019 4308 aeger

187 4311 437 4394 Naufragiamque
456 4315 559 4374 timens
580 4315 666 4393 longe
686 4315 836 4374 exitiosius
856 4314 907 4372 illo

111 4423 117 4444 ··
190 4395 261 4459 Et
253 4417 310 4462 mm
333 4397 444 4480 pridem
466 4399 589 4462 animum
611 4397 722 4482 peceati
743 4383 882 4481 compede
902 4396 1033 4496 motas,

1295 1620 1296 1628 ¹
1347 1623 1355 1654 l
