2960 5070
460 273 595 367 noun„
613 268 711 334 vna.
736 221 850 332 nxrv.

233 451 340 514 Obstat
360 453 492 510 sonemus
513 436 609 500 invida
631 447 662 497 et
682 417 800 498 cursum
817 433 951 514 impedit:

176 589 177 594 ,
233 537 306 598 Mox
327 531 411 600 avida
430 529 529 588 tristes
550 521 693 584 Lachesis
714 521 808 584 inlicit
829 540 938 580 manus.
982 541 994 554 ⁴

233 622 284 683 Sic
306 619 404 680 vivere
425 607 623 696 meditantibus
646 607 706 665 vita
726 604 831 668 euolat.
904 593 907 598 ’

588 771 721 834 nxrv.
804 749 812 822 .’

199 907 200 911 ’
234 874 277 963 Si
299 905 469 982 exspectes,
491 874 661 970 Pamphile,
683 889 745 969 ipsa
769 884 832 944 dum
856 875 993 966 negotial
1051 932 1054 941 ,

139 1003 140 1006 ’
235 991 279 1049 Te
302 993 451 1046 accersant
471 978 546 1038 ultr'o
568 984 598 1036 et
619 973 803 1032 dormientem
826 969 1018 1033 exsuscitent:

234 1071 433 1134 Vehementer
453 1083 553 1132 orras3
577 1059 657 1118 taciti
679 1052 828 1114 discedunt
848 1049 929 1124 dies,

128 1205 131 1218 a
235 1157 301 1216 Nec
323 1151 477 1226 obliviosos
498 1140 759 1210 officiisadmonent
780 1138 835 1197 sui.
895 1207 896 1213 ἵ
990 1133 991 1138 ’

153 1241 156 1246 ’
194 1249 215 1302 li
236 1237 366 1318 Superba
386 1253 434 1294 res
457 1241 503 1291 est
522 1229 565 1288 rei
587 1221 730 1305 gerendae
752 1220 887 1282 occasio:

237 1321 333 1385 Semel
354 1327 513 1386 contemta,
534 1329 674 1388 nunquam
695 1303 828 1386 postidea
849 1301 934 1364 redit.
980 1352 982 1370 ,
1044 1361 1053 1375 „

235 1407 353 1484 Vigiles
374 1401 487 1480 oportet
507 1407 536 1456 ct
556 1407 605 1453 tua
624 1387 743 1452 accurds
766 1407 884 1448 memor.
936 1403 937 1408 ¹
962 1437 965 1440 .

236 1492 328 1559 Nam,
353 1487 378 1545 si
400 1487 466 1564 ipse
485 1501 545 1558 rem
566 1495 669 1540 curare
690 1473 821 1552 negligas
842 1483 937 1540 tuam,

169 1644 172 1653 Α
212 1622 214 1630 ,
237 1574 327 1652 Fugit
349 1570 398 1628 illa
419 1578 449 1626 et
471 1565 571 1636 facile,
595 1562 642 1640 qui
666 1553 698 1618 se
719 1567 817 1626 curet,
840 1554 958 1613 invenit.
987 1615 991 1624 ,

176 1667 219 1722 ll}
238 1661 284 1722 Tu
304 1675 387 1726 rein,
409 1670 491 1732 quarn
513 1666 616 1718 cures,
642 1637 837 1724 posteabaud
857 1637 942 1698 facilc
963 1633 1085 1697 iuvenis·
1170 1706 1172 1716 Ι

595 1807 709 1874 LXV.
772 1824 775 1829 ·

234 1907 389 2010 Memini,
412 1935 578 2013 magistrum
601 1949 690 2009 puero
711 1921 750 1986 mi
770 1926 839 1986 olim
861 1923 915 1982 boc
936 1920 1051 1981 diceret

175 2037 189 2046 ”
239 2027 384 2086 Summum
405 2021 501 2080 lovem
523 2018 620 2076 lacere
641 2013 725 2082 item,
750 2020 780 2069 ut
800 2026 943 2085 caupones
967 2005 1077 2074 solent,

240 2110 300 2182 Qui
318 2107 396 2178 vina,
418 2115 449 2162 ut
468 2098 601 2170 vendant,
624 2095 749 2166 turbant,
772 2093 903 2160 miscent,
927 2087 1047 2160 diluunt,

239 2193 303 2254 Nec
325 2191 455 2268 cuiquam
472 2184 534 2246 vini
556 2179 694 2260 simplicis
715 2175 822 2247 donant
840 2172 969 2242 eadum.¹
1037 2161 1038 2166 ¹
1065 2187 1067 2192 ’

200 2286 221 2338 e
242 2273 344 2336 Itidem
365 2275 444 2332 illurn
467 2268 563 2328 aiebat
582 2267 612 2323 in
633 2264 693 2323 vita
713 2259 873 2322 mortalium

240 2362 390 2438 Nunquam
413 2357 553 2414 fortunam
574 2347 732 2426 simplicem
753 2338 901 2422 quoiquam
923 2338 1012 2410 daret

135 2493 138 2500 -
166 2515 173 2524 ,
242 2443 301 2506 Scd
322 2454 481 2521 temperare
502 2436 563 2496 fata
583 2432 668 2492 lactis
691 2427 798 2488 tristia.

558 2651 560 2656 ,
591 2593 730 2661 LXVI.

244 2693 281 2783 Ο
304 2729 416 2806 lingua,
440 2723 556 2798 lingua,
576 2727 608 2778 ut
624 2709 731 2792 ‘magna
751 2729 821 2790 eges
844 2704 992 2768 custodial

245 2813 329 2885 Quae
352 2821 381 2868 ot
402 2807 466 2865 aliis
491 2819 577 2881 saepe
598 2809 627 2858 ct
648 2797 763 2876 saepius
785 2793 898 2852 domino
921 2809 1019 2851 noces.

244 2897 367 2956 Multum
388 2883 577 2956 assecutu’st,
602 2882 650 2964 qui
671 2880 744 2938 bene
765 2876 867 2934 didlcit
886 2873 963 2951 loqui

246 2980 305 3056 Qui
324 2978 398 3038 bene
418 2985 533 3043 tacere,
557 2987 614 3028 non
635 2965 727 3024 minus
750 2969 899 3022 assecutus
921 2966 976 3018 est.

587 3127 743 3192 LXVII.

246 3227 377 3323 Nivibu's
399 3259 491 3316 hiems
512 3249 667 3320 exuberat,
689 3265 741 3308 ver
762 3241 898 3313 lloribus,
978 3235 992 3260 '⁴
1050 3241 1051 3248 ’

248 3344 355 3408 Aestas
377 3341 475 3403 aristis
496 3335 606 3409 affluit,
627 3329 763 3392 lacrumis
785 3346 876 3386 amor.

562 3481 780 3561 nnvurr.⁴

252 3603 294 3690 Si
316 3629 385 3689 milri
407 3623 525 3694 lacerti,
548 3617 646 3699 quales
669 3613 755 3686 olim,
780 3629 853 3670 nunc
872 3610 983 3666 loront:

252 3717 319 3775 lVon
339 3713 437 3792 lingua
456 3707 549 3788 potius
572 3703 623 3763 tibi
645 3719 725 3779 opem
746 3696 852 3755 lerrcrn
874 3711 956 3770 quam
978 3705 1071 3744 rirauu.

229 3854 231 3858 .
254 3800 337 3859 Nunc
359 3793 440 3855 tarda
463 3788 588 3850 membra
607 3797 636 3844 et
657 3781 773 3858 sanguis
795 3775 948 3838 adstrictus
966 3771 1037 3848 gelu

254 3881 418 3942 Conscrcro
439 3877 468 3934 in
490 3874 552 3933 acie
573 3864 786 3929 cunrbostibus
808 3879 918 3920 manuni
940 3863 1052 3915 vetant:

212 3976 231 4029 ts
251 3964 396 4026 Prodesse
417 3959 527 4040 patriae
549 3973 617 4016 voce
639 3957 667 4021 ot
689 3947 809 4008 consilio
831 3946 937 4022 sinunt.

256 4051 365 4128 Corpus
385 4045 445 4106 abit
466 4041 568 4102 annis:
592 4033 713 4096 consilio
735 4031 844 4090 anianus
865 4027 973 4104 vigottfl

256 4135 401 4212 Viresque
423 4127 538 4190 senibus
560 4121 703 4190 delluunt,
730 4115 818 4176 verba
838 4111 966 4172 allluunt.
992 4177 994 4186 Ι

133 4240 407 4264 ,...,.......---

153 4341 162 4356 s
191 4295 275 4343 LXVI.
290 4291 328 4340 vs'.
344 4291 366 4344 t.
395 4287 433 4338 (tt.
447 4285 490 4334 tib.
503 4284 534 4332 u.-
549 4289 627 4338 poem.
642 4276 704 4324 xvt.
721 4273 775 4320 rat.
790 4281 827 4327 sq.
856 4271 901 4316 Fr.

513 4409 817 4432 m*
