<?xml version="1.0" encoding="UTF-8"?>
<!DOCTYPE html PUBLIC "-//W3C//DTD XHTML 1.0 Transitional//EN"
    "http://www.w3.org/TR/xhtml1/DTD/xhtml1-transitional.dtd">
<html xmlns="http://www.w3.org/1999/xhtml" xml:lang="en" lang="en">
 <head>
  <title>
</title>
<meta http-equiv="Content-Type" content="text/html;charset=utf-8" />
  <meta name='ocr-system' content='tesseract 3.04.00' />
  <meta name='ocr-capabilities' content='ocr_page ocr_carea ocr_par ocr_line ocrx_word'/>
</head>
<body>
  <div class='ocr_page' id='page_1' title='image "./mantoniimuretio00lazegoog_0238.png"; bbox 0 0 2980 5074; ppageno 0'>
   <div class='ocr_carea' id='block_1_1' title="bbox 238 233 993 370">
    <p class='ocr_par' dir='ltr' id='par_1_1' title="bbox 238 233 993 370">
     <span class='ocr_line' id='line_1_1' title="bbox 238 233 993 370; baseline 0 -12"><span class='ocrx_word' id='word_1_1' title='bbox 238 301 319 370; x_wconf 72' lang='lat' dir='ltr'><strong>uae</strong></span> <span class='ocrx_word' id='word_1_2' title='bbox 660 268 773 358; x_wconf 81' lang='lat' dir='ltr'><strong>urum</strong></span> <span class='ocrx_word' id='word_1_3' title='bbox 792 233 933 358; x_wconf 78' lang='lat' dir='ltr'><strong>radun</strong></span> <span class='ocrx_word' id='word_1_4' title='bbox 990 263 993 268; x_wconf 76' lang='grc'>’</span> 
     </span>
    </p>
   </div>
   <div class='ocr_carea' id='block_1_2' title="bbox 164 461 1451 3542">
    <p class='ocr_par' dir='ltr' id='par_1_2' title="bbox 164 461 1451 3542">
     <span class='ocr_line' id='line_1_2' title="bbox 257 461 1355 545; baseline -0.004 -17"><span class='ocrx_word' id='word_1_5' title='bbox 257 469 359 545; x_wconf 87' lang='lat' dir='ltr'><strong>ticipes</strong></span> <span class='ocrx_word' id='word_1_6' title='bbox 376 465 458 524; x_wconf 80' lang='lat' dir='ltr'><strong>lacis.</strong></span> <span class='ocrx_word' id='word_1_7' title='bbox 500 461 600 542; x_wconf 81' lang='lat' dir='ltr'><strong>ltaque</strong></span> <span class='ocrx_word' id='word_1_8' title='bbox 615 464 652 523; x_wconf 91' lang='lat' dir='ltr'><strong>iis</strong></span> <span class='ocrx_word' id='word_1_9' title='bbox 668 464 784 522; x_wconf 84' lang='lat' dir='ltr'><strong>omissis</strong></span> <span class='ocrx_word' id='word_1_10' title='bbox 801 461 837 522; x_wconf 93' lang='lat' dir='ltr'><strong>ad</strong></span> <span class='ocrx_word' id='word_1_11' title='bbox 852 461 926 534; x_wconf 86' lang='lat' dir='ltr'><strong>alia,</strong></span> <span class='ocrx_word' id='word_1_12' title='bbox 949 471 1022 542; x_wconf 83' lang='lat' dir='ltr'><strong>quae</strong></span> <span class='ocrx_word' id='word_1_13' title='bbox 1035 461 1112 520; x_wconf 85' lang='lat' dir='ltr'><strong>scire</strong></span> <span class='ocrx_word' id='word_1_14' title='bbox 1124 471 1154 522; x_wconf 90' lang='lat' dir='ltr'><strong>te</strong></span> <span class='ocrx_word' id='word_1_15' title='bbox 1167 479 1271 542; x_wconf 85' lang='lat' dir='ltr'><strong>cupere</strong></span> <span class='ocrx_word' id='word_1_16' title='bbox 1289 467 1355 536; x_wconf 86' lang='lat' dir='ltr'><strong>ais,</strong></span> 
     </span>
     <span class='ocr_line' id='line_1_3' title="bbox 258 543 1357 628; baseline -0.005 -16"><span class='ocrx_word' id='word_1_17' title='bbox 258 552 352 612; x_wconf 83' lang='lat' dir='ltr'><strong>venie.</strong></span> <span class='ocrx_word' id='word_1_18' title='bbox 369 557 377 568; x_wconf 83' lang='grc'><strong>”</strong></span> <span class='ocrx_word' id='word_1_19' title='bbox 395 547 480 628; x_wconf 79' lang='lat' dir='ltr'><strong>Ego,</strong></span> <span class='ocrx_word' id='word_1_20' title='bbox 501 545 612 606; x_wconf 87' lang='lat' dir='ltr'><strong>luliane</strong></span> <span class='ocrx_word' id='word_1_21' title='bbox 635 546 672 605; x_wconf 91' lang='lat' dir='ltr'><strong>mi</strong></span> <span class='ocrx_word' id='word_1_22' title='bbox 695 546 958 626; x_wconf 86' lang='lat' dir='ltr'><strong>praestantissime,</strong></span> <span class='ocrx_word' id='word_1_23' title='bbox 980 546 1124 624; x_wconf 82' lang='lat' dir='ltr'><strong>aequitate</strong></span> <span class='ocrx_word' id='word_1_24' title='bbox 1143 547 1229 606; x_wconf 89' lang='lat' dir='ltr'><strong>animi</strong></span> <span class='ocrx_word' id='word_1_25' title='bbox 1249 543 1357 607; x_wconf 84' lang='lat' dir='ltr'><strong>eadem</strong></span> 
     </span>
     <span class='ocr_line' id='line_1_4' title="bbox 260 623 1353 712; baseline -0.003 -19"><span class='ocrx_word' id='word_1_26' title='bbox 260 651 340 703; x_wconf 81' lang='lat' dir='ltr'><strong>sunt,</strong></span> <span class='ocrx_word' id='word_1_27' title='bbox 368 649 424 712; x_wconf 90' lang='lat' dir='ltr'><strong>qua</strong></span> <span class='ocrx_word' id='word_1_28' title='bbox 450 647 563 708; x_wconf 87' lang='lat' dir='ltr'><strong>semper</strong></span> <span class='ocrx_word' id='word_1_29' title='bbox 586 631 646 701; x_wconf 80' lang='lat' dir='ltr'><strong>lui3</strong></span> <span class='ocrx_word' id='word_1_30' title='bbox 676 623 855 700; x_wconf 78' lang='lat' dir='ltr'><strong>conditione,</strong></span> <span class='ocrx_word' id='word_1_31' title='bbox 884 628 958 707; x_wconf 88' lang='lat' dir='ltr'><strong>qnod</strong></span> <span class='ocrx_word' id='word_1_32' title='bbox 978 627 1016 688; x_wconf 87' lang='lat' dir='ltr'><strong>ad</strong></span> <span class='ocrx_word' id='word_1_33' title='bbox 1037 623 1077 690; x_wconf 78' lang='grc' dir='ltr'><strong>τὰ</strong></span> <span class='ocrx_word' id='word_1_34' title='bbox 1097 623 1214 703; x_wconf 59' lang='grc' dir='ltr'><strong><em>ἔξωθεν</em></strong></span> <span class='ocrx_word' id='word_1_35' title='bbox 1235 633 1353 704; x_wconf 77' lang='lat' dir='ltr'><strong>uuiaet,</strong></span> 
     </span>
     <span class='ocr_line' id='line_1_5' title="bbox 260 711 1357 794; baseline -0.003 -18"><span class='ocrx_word' id='word_1_36' title='bbox 260 717 378 776; x_wconf 88' lang='lat' dir='ltr'><strong>meliore</strong></span> <span class='ocrx_word' id='word_1_37' title='bbox 401 725 497 793; x_wconf 65' lang='lat' dir='ltr'><strong>atque.</strong></span> <span class='ocrx_word' id='word_1_38' title='bbox 509 713 690 790; x_wconf 72' lang='lat' dir='ltr'><strong>optabiliore.</strong></span> <span class='ocrx_word' id='word_1_39' title='bbox 734 711 811 772; x_wconf 86' lang='lat' dir='ltr'><strong>Nam</strong></span> <span class='ocrx_word' id='word_1_40' title='bbox 828 721 858 770; x_wconf 91' lang='lat' dir='ltr'><strong>et</strong></span> <span class='ocrx_word' id='word_1_41' title='bbox 880 713 959 792; x_wconf 87' lang='lat' dir='ltr'><strong>ipsos</strong></span> <span class='ocrx_word' id='word_1_42' title='bbox 978 711 1123 794; x_wconf 84' lang='lat' dir='ltr'><strong>principes</strong></span> <span class='ocrx_word' id='word_1_43' title='bbox 1138 713 1264 773; x_wconf 86' lang='lat' dir='ltr'><strong>civitatis</strong></span> <span class='ocrx_word' id='word_1_44' title='bbox 1279 717 1357 773; x_wconf 79' lang='lat' dir='ltr'><strong>n&#39;mi-</strong></span> 
     </span>
     <span class='ocr_line' id='line_1_6' title="bbox 260 791 1356 876; baseline -0.001 -17"><span class='ocrx_word' id='word_1_45' title='bbox 260 799 394 859; x_wconf 84' lang='lat' dir='ltr'><strong>eissimos</strong></span> <span class='ocrx_word' id='word_1_46' title='bbox 404 841 415 872; x_wconf 87' lang='lat'><strong>,</strong></span> <span class='ocrx_word' id='word_1_47' title='bbox 437 793 571 876; x_wconf 86' lang='lat' dir='ltr'><strong>quosdam</strong></span> <span class='ocrx_word' id='word_1_48' title='bbox 596 797 682 856; x_wconf 89' lang='lat' dir='ltr'><strong>etiam</strong></span> <span class='ocrx_word' id='word_1_49' title='bbox 702 796 758 855; x_wconf 91' lang='lat' dir='ltr'><strong>mci</strong></span> <span class='ocrx_word' id='word_1_50' title='bbox 779 793 924 854; x_wconf 86' lang='lat' dir='ltr'><strong>studiosos</strong></span> <span class='ocrx_word' id='word_1_51' title='bbox 942 791 1049 867; x_wconf 82' lang='lat' dir='ltr'><strong>babeo,</strong></span> <span class='ocrx_word' id='word_1_52' title='bbox 1067 805 1098 855; x_wconf 87' lang='lat' dir='ltr'><strong>et</strong></span> <span class='ocrx_word' id='word_1_53' title='bbox 1114 792 1236 874; x_wconf 80' lang='lat' dir='ltr'><strong>spumis</strong></span> <span class='ocrx_word' id='word_1_54' title='bbox 1251 797 1356 858; x_wconf 85' lang='lat' dir='ltr'><strong>modus</strong></span> 
     </span>
     <span class='ocr_line' id='line_1_7' title="bbox 263 875 1354 959; baseline -0.002 -17"><span class='ocrx_word' id='word_1_55' title='bbox 263 892 328 954; x_wconf 90' lang='lat' dir='ltr'><strong>est,</strong></span> <span class='ocrx_word' id='word_1_56' title='bbox 350 881 397 959; x_wconf 94' lang='lat' dir='ltr'><strong>qui</strong></span> <span class='ocrx_word' id='word_1_57' title='bbox 418 876 632 944; x_wconf 74' lang='lat' dir='ltr'><strong>adlibernliter</strong></span> <span class='ocrx_word' id='word_1_58' title='bbox 648 877 797 938; x_wconf 87' lang='lat' dir='ltr'><strong>vivendum</strong></span> <span class='ocrx_word' id='word_1_59' title='bbox 816 878 855 936; x_wconf 89' lang='lat' dir='ltr'><strong>sit</strong></span> <span class='ocrx_word' id='word_1_60' title='bbox 871 880 955 940; x_wconf 88' lang='lat' dir='ltr'><strong>satis.</strong></span> <span class='ocrx_word' id='word_1_61' title='bbox 999 875 1089 938; x_wconf 87' lang='lat' dir='ltr'><strong>Cuius</strong></span> <span class='ocrx_word' id='word_1_62' title='bbox 1107 880 1150 938; x_wconf 82' lang='lat' dir='ltr'><strong>nei</strong></span> <span class='ocrx_word' id='word_1_63' title='bbox 1165 880 1210 939; x_wconf 89' lang='lat' dir='ltr'><strong>vel</strong></span> <span class='ocrx_word' id='word_1_64' title='bbox 1228 879 1282 940; x_wconf 89' lang='lat' dir='ltr'><strong>boc</strong></span> <span class='ocrx_word' id='word_1_65' title='bbox 1299 881 1354 940; x_wconf 91' lang='lat' dir='ltr'><strong>tibi</strong></span> 
     </span>
     <span class='ocr_line' id='line_1_8' title="bbox 164 961 1353 1042; baseline -0.001 -19"><span class='ocrx_word' id='word_1_66' title='bbox 164 1030 167 1041; x_wconf 71' lang='lat'><strong>.</strong></span> <span class='ocrx_word' id='word_1_67' title='bbox 261 973 456 1042; x_wconf 78' lang='lat' dir='ltr'><strong>argumentum</strong></span> <span class='ocrx_word' id='word_1_68' title='bbox 480 963 535 1033; x_wconf 89' lang='lat' dir='ltr'><strong>sit,</strong></span> <span class='ocrx_word' id='word_1_69' title='bbox 568 961 642 1040; x_wconf 90' lang='lat' dir='ltr'><strong>quod</strong></span> <span class='ocrx_word' id='word_1_70' title='bbox 666 961 861 1042; x_wconf 89' lang='lat' dir='ltr'><strong>superioribus</strong></span> <span class='ocrx_word' id='word_1_71' title='bbox 882 961 1045 1035; x_wconf 88' lang='lat' dir='ltr'><strong>mensibus,</strong></span> <span class='ocrx_word' id='word_1_72' title='bbox 1072 963 1165 1042; x_wconf 88' lang='lat' dir='ltr'><strong>petita</strong></span> <span class='ocrx_word' id='word_1_73' title='bbox 1186 963 1265 1042; x_wconf 90' lang='lat' dir='ltr'><strong>prius</strong></span> <span class='ocrx_word' id='word_1_74' title='bbox 1288 966 1353 1023; x_wconf 89' lang='lat' dir='ltr'><strong>eius</strong></span> 
     </span>
     <span class='ocr_line' id='line_1_9' title="bbox 238 1043 1354 1125; baseline -0.001 -17"><span class='ocrx_word' id='word_1_75' title='bbox 238 1087 240 1094; x_wconf 39' lang='grc' dir='ltr'><em>ι</em></span> <span class='ocrx_word' id='word_1_76' title='bbox 263 1048 340 1108; x_wconf 85' lang='lat' dir='ltr'><strong>rei&#39;a</strong></span> <span class='ocrx_word' id='word_1_77' title='bbox 353 1043 495 1108; x_wconf 82' lang='lat' dir='ltr'><strong>Pontifice</strong></span> <span class='ocrx_word' id='word_1_78' title='bbox 514 1047 616 1118; x_wconf 83' lang='lat' dir='ltr'><strong>venia,</strong></span> <span class='ocrx_word' id='word_1_79' title='bbox 640 1044 752 1125; x_wconf 90' lang='lat' dir='ltr'><strong>publico</strong></span> <span class='ocrx_word' id='word_1_80' title='bbox 772 1043 893 1112; x_wconf 83' lang='lat' dir='ltr'><strong>docendi</strong></span> <span class='ocrx_word' id='word_1_81' title='bbox 905 1045 1038 1117; x_wconf 87' lang='lat' dir='ltr'><strong>munere,</strong></span> <span class='ocrx_word' id='word_1_82' title='bbox 1057 1043 1135 1124; x_wconf 81' lang='lat' dir='ltr'><strong>¹quod</strong></span> <span class='ocrx_word' id='word_1_83' title='bbox 1148 1063 1236 1106; x_wconf 87' lang='lat' dir='ltr'><strong>annos</strong></span> <span class='ocrx_word' id='word_1_84' title='bbox 1253 1046 1283 1106; x_wconf 87' lang='lat' dir='ltr'><strong>in</strong></span> <span class='ocrx_word' id='word_1_85' title='bbox 1298 1047 1354 1111; x_wconf 87' lang='lat' dir='ltr'><strong>bac</strong></span> 
     </span>
     <span class='ocr_line' id='line_1_10' title="bbox 263 1127 1353 1208; baseline -0.002 -16"><span class='ocrx_word' id='word_1_86' title='bbox 263 1131 335 1192; x_wconf 89' lang='lat' dir='ltr'><strong>urbe</strong></span> <span class='ocrx_word' id='word_1_87' title='bbox 356 1150 440 1190; x_wconf 91' lang='lat' dir='ltr'><strong>uuum</strong></span> <span class='ocrx_word' id='word_1_88' title='bbox 461 1140 491 1188; x_wconf 85' lang='lat' dir='ltr'><strong>et</strong></span> <span class='ocrx_word' id='word_1_89' title='bbox 508 1129 611 1206; x_wconf 84' lang='lat' dir='ltr'><strong>viginti</strong></span> <span class='ocrx_word' id='word_1_90' title='bbox 634 1131 841 1200; x_wconf 77' lang='lat' dir='ltr'><strong>sustinueram,</strong></span> <span class='ocrx_word' id='word_1_91' title='bbox 866 1139 965 1208; x_wconf 77' lang='lat' dir='ltr'><strong>spnqte</strong></span> <span class='ocrx_word' id='word_1_92' title='bbox 983 1147 1028 1189; x_wconf 87' lang='lat' dir='ltr'><strong>me</strong></span> <span class='ocrx_word' id='word_1_93' title='bbox 1043 1127 1188 1188; x_wconf 75' lang='lat' dir='ltr'><strong>abdicavi:</strong></span> <span class='ocrx_word' id='word_1_94' title='bbox 1212 1140 1353 1190; x_wconf 87' lang='lat' dir='ltr'><strong>ettamen</strong></span> 
     </span>
     <span class='ocr_line' id='line_1_11' title="bbox 264 1213 1355 1292; baseline -0.002 -18"><span class='ocrx_word' id='word_1_95' title='bbox 264 1233 301 1274; x_wconf 81' lang='lat' dir='ltr'><strong>ex</strong></span> <span class='ocrx_word' id='word_1_96' title='bbox 320 1232 355 1273; x_wconf 90' lang='lat' dir='ltr'><strong>eo</strong></span> <span class='ocrx_word' id='word_1_97' title='bbox 372 1213 517 1292; x_wconf 86' lang='lat' dir='ltr'><strong>capiebam</strong></span> <span class='ocrx_word' id='word_1_98' title='bbox 536 1213 684 1290; x_wconf 85' lang='lat' dir='ltr'><strong>quotannis</strong></span> <span class='ocrx_word' id='word_1_99' title='bbox 703 1213 898 1291; x_wconf 82' lang='lat' dir='ltr'><strong>septingentos</strong></span> <span class='ocrx_word' id='word_1_100' title='bbox 914 1231 1016 1275; x_wconf 89' lang='lat' dir='ltr'><strong>aureos</strong></span> <span class='ocrx_word' id='word_1_101' title='bbox 1034 1232 1150 1285; x_wconf 87' lang='lat' dir='ltr'><strong>numos,</strong></span> <span class='ocrx_word' id='word_1_102' title='bbox 1172 1214 1355 1292; x_wconf 83' lang='lat' dir='ltr'><strong>quam&#39;pec&#39;u·</strong></span> 
     </span>
     <span class='ocr_line' id='line_1_12' title="bbox 237 1286 1355 1387; baseline -0.001 -31"><span class='ocrx_word' id='word_1_103' title='bbox 237 1319 244 1324; x_wconf 92' lang='lat'><em>·</em></span> <span class='ocrx_word' id='word_1_104' title='bbox 264 1297 339 1356; x_wconf 89' lang='lat' dir='ltr'><strong>uiam</strong></span> <span class='ocrx_word' id='word_1_105' title='bbox 355 1286 508 1358; x_wconf 79' lang='lat' dir='ltr'><strong>nemo&#39;nisi</strong></span> <span class='ocrx_word' id='word_1_106' title='bbox 525 1295 637 1356; x_wconf 76' lang='lat' dir='ltr'><strong>aliunde</strong></span> <span class='ocrx_word' id='word_1_107' title='bbox 655 1295 760 1354; x_wconf 77' lang='lat' dir='ltr'><strong>affatim</strong></span> <span class='ocrx_word' id='word_1_108' title='bbox 777 1295 951 1367; x_wconf 85' lang='lat' dir='ltr'><strong>instructus,</strong></span> <span class='ocrx_word' id='word_1_109' title='bbox 974 1295 1061 1354; x_wconf 83' lang='lat' dir='ltr'><strong>facile</strong></span> <span class='ocrx_word' id='word_1_110' title='bbox 1067 1337 1078 1367; x_wconf 96' lang='lat'><strong>,</strong></span> <span class='ocrx_word' id='word_1_111' title='bbox 1100 1297 1263 1387; x_wconf 74' lang='lat' dir='ltr'><strong>utppinor,</strong></span> <span class='ocrx_word' id='word_1_112' title='bbox 1286 1317 1355 1355; x_wconf 91' lang='lat' dir='ltr'><strong>con-</strong></span> 
     </span>
     <span class='ocr_line' id='line_1_13' title="bbox 264 1376 1352 1457; baseline 0.002 -19"><span class='ocrx_word' id='word_1_113' title='bbox 264 1381 403 1440; x_wconf 89' lang='lat' dir='ltr'><strong>temserit.</strong></span> <span class='ocrx_word' id='word_1_114' title='bbox 457 1376 587 1439; x_wconf 88' lang='lat' dir='ltr'><strong>Caussae</strong></span> <span class='ocrx_word' id='word_1_115' title='bbox 614 1378 682 1440; x_wconf 90' lang='lat' dir='ltr'><strong>mibi</strong></span> <span class='ocrx_word' id='word_1_116' title='bbox 710 1379 825 1438; x_wconf 87' lang='lat' dir='ltr'><strong>luerunt</strong></span> <span class='ocrx_word' id='word_1_117' title='bbox 853 1377 983 1457; x_wconf 87' lang='lat' dir='ltr'><strong>capiendi</strong></span> <span class='ocrx_word' id='word_1_118' title='bbox 1009 1379 1071 1438; x_wconf 90' lang='lat' dir='ltr'><strong>eius</strong></span> <span class='ocrx_word' id='word_1_119' title='bbox 1099 1378 1212 1437; x_wconf 86' lang='lat' dir='ltr'><strong>consilii</strong></span> <span class='ocrx_word' id='word_1_120' title='bbox 1234 1379 1352 1440; x_wconf 89' lang='lat' dir='ltr'><strong>multae.</strong></span> 
     </span>
     <span class='ocr_line' id='line_1_14' title="bbox 264 1461 1355 1544; baseline 0 -22"><span class='ocrx_word' id='word_1_121' title='bbox 264 1463 476 1544; x_wconf 79' lang='lat' dir='ltr'><strong>Quinquaginta</strong></span> <span class='ocrx_word' id='word_1_122' title='bbox 490 1473 554 1522; x_wconf 87' lang='lat' dir='ltr'><strong>octa</strong></span> <span class='ocrx_word' id='word_1_123' title='bbox 571 1481 659 1525; x_wconf 90' lang='lat' dir='ltr'><strong>annos</strong></span> <span class='ocrx_word' id='word_1_124' title='bbox 677 1473 850 1535; x_wconf 84' lang='lat' dir='ltr'><strong>natussum,</strong></span> <span class='ocrx_word' id='word_1_125' title='bbox 876 1472 906 1522; x_wconf 90' lang='lat' dir='ltr'><strong>et</strong></span> <span class='ocrx_word' id='word_1_126' title='bbox 918 1462 1012 1523; x_wconf 89' lang='lat' dir='ltr'><strong>sentio</strong></span> <span class='ocrx_word' id='word_1_127' title='bbox 1025 1481 1070 1521; x_wconf 89' lang='lat' dir='ltr'><strong>me</strong></span> <span class='ocrx_word' id='word_1_128' title='bbox 1083 1461 1227 1541; x_wconf 85' lang='lat' dir='ltr'><strong>paullatim</strong></span> <span class='ocrx_word' id='word_1_129' title='bbox 1243 1463 1355 1540; x_wconf 77' lang='lat' dir='ltr'><strong>&#39;viribus</strong></span> 
     </span>
     <span class='ocr_line' id='line_1_15' title="bbox 264 1535 1356 1626; baseline 0 -20"><span class='ocrx_word' id='word_1_130' title='bbox 264 1540 358 1606; x_wconf 85' lang='lat' dir='ltr'><strong>debci.</strong></span> <span class='ocrx_word' id='word_1_131' title='bbox 403 1547 524 1624; x_wconf 77' lang='lat' dir='ltr'><strong>Semper</strong></span> <span class='ocrx_word' id='word_1_132' title='bbox 548 1556 641 1606; x_wconf 91' lang='lat' dir='ltr'><strong>autem</strong></span> <span class='ocrx_word' id='word_1_133' title='bbox 664 1543 759 1606; x_wconf 88' lang='lat' dir='ltr'><strong>audivi</strong></span> <span class='ocrx_word' id='word_1_134' title='bbox 781 1565 799 1604; x_wconf 88' lang='lat' dir='ltr'><strong>a</strong></span> <span class='ocrx_word' id='word_1_135' title='bbox 819 1564 852 1604; x_wconf 89' lang='lat' dir='ltr'><strong>sa</strong></span> <span class='ocrx_word' id='word_1_136' title='bbox 872 1541 1088 1626; x_wconf 34' lang='lat' dir='ltr'><strong>ientibustdici,</strong></span> <span class='ocrx_word' id='word_1_137' title='bbox 1113 1535 1246 1606; x_wconf 89' lang='lat' dir='ltr'><strong>desinere</strong></span> <span class='ocrx_word' id='word_1_138' title='bbox 1263 1547 1356 1606; x_wconf 87' lang='lat' dir='ltr'><strong>satius</strong></span> 
     </span>
     <span class='ocr_line' id='line_1_16' title="bbox 264 1567 1357 1713; baseline -0.003 -22"><span class='ocrx_word' id='word_1_139' title='bbox 264 1649 331 1691; x_wconf 85' lang='lat' dir='ltr'><strong>esse</strong></span> <span class='ocrx_word' id='word_1_140' title='bbox 349 1649 430 1710; x_wconf 90' lang='lat' dir='ltr'><strong>quam</strong></span> <span class='ocrx_word' id='word_1_141' title='bbox 441 1627 605 1710; x_wconf 49' lang='lat' dir='ltr'><strong>deficere„</strong></span> <span class='ocrx_word' id='word_1_142' title='bbox 627 1625 721 1688; x_wconf 85' lang='lat' dir='ltr'><strong>Multa</strong></span> <span class='ocrx_word' id='word_1_143' title='bbox 734 1627 841 1706; x_wconf 90' lang='lat' dir='ltr'><strong>scripta</strong></span> <span class='ocrx_word' id='word_1_144' title='bbox 853 1567 948 1710; x_wconf 74' lang='lat' dir='ltr'><strong>drabeo</strong></span> <span class='ocrx_word' id='word_1_145' title='bbox 964 1629 1065 1713; x_wconf 87' lang='lat' dir='ltr'><strong>partim</strong></span> <span class='ocrx_word' id='word_1_146' title='bbox 1081 1625 1229 1701; x_wconf 87' lang='lat' dir='ltr'><strong>incboata,</strong></span> <span class='ocrx_word' id='word_1_147' title='bbox 1251 1629 1357 1708; x_wconf 88' lang='lat' dir='ltr'><strong>partim</strong></span> 
     </span>
     <span class='ocr_line' id='line_1_17' title="bbox 232 1709 1356 1788; baseline 0 -16"><span class='ocrx_word' id='word_1_148' title='bbox 232 1717 244 1748; x_wconf 72' lang='lat' dir='ltr'><em>s</em></span> <span class='ocrx_word' id='word_1_149' title='bbox 265 1713 350 1772; x_wconf 89' lang='lat' dir='ltr'><strong>etiam</strong></span> <span class='ocrx_word' id='word_1_150' title='bbox 366 1712 467 1772; x_wconf 82' lang='lat' dir='ltr'><strong>allecta</strong></span> <span class='ocrx_word' id='word_1_151' title='bbox 473 1732 485 1783; x_wconf 84' lang='lat'>3</span> <span class='ocrx_word' id='word_1_152' title='bbox 522 1732 574 1788; x_wconf 83' lang='lat' dir='ltr'><strong>uae</strong></span> <span class='ocrx_word' id='word_1_153' title='bbox 590 1731 696 1778; x_wconf 81' lang='lat' dir='ltr'><strong>mecum</strong></span> <span class='ocrx_word' id='word_1_154' title='bbox 710 1712 803 1780; x_wconf 81' lang='lat' dir='ltr'><strong>omnia</strong></span> <span class='ocrx_word' id='word_1_155' title='bbox 818 1709 988 1772; x_wconf 79' lang='lat' dir='ltr'><strong>intercidant</strong></span> <span class='ocrx_word' id='word_1_156' title='bbox 1003 1729 1123 1773; x_wconf 88' lang='lat' dir='ltr'><strong>necesse</strong></span> <span class='ocrx_word' id='word_1_157' title='bbox 1138 1721 1195 1783; x_wconf 86' lang='lat' dir='ltr'><strong>est,</strong></span> <span class='ocrx_word' id='word_1_158' title='bbox 1212 1712 1269 1770; x_wconf 89' lang='lat' dir='ltr'><strong>nisi</strong></span> <span class='ocrx_word' id='word_1_159' title='bbox 1285 1712 1356 1772; x_wconf 88' lang='lat' dir='ltr'><strong>mibi</strong></span> 
     </span>
     <span class='ocr_line' id='line_1_18' title="bbox 265 1731 1385 1875; baseline -0.003 -19"><span class='ocrx_word' id='word_1_160' title='bbox 265 1790 302 1856; x_wconf 83' lang='lat' dir='ltr'><strong>ad</strong></span> <span class='ocrx_word' id='word_1_161' title='bbox 319 1783 354 1856; x_wconf 79' lang='lat' dir='ltr'><strong>ea</strong></span> <span class='ocrx_word' id='word_1_162' title='bbox 374 1731 542 1875; x_wconf 77' lang='lat' dir='ltr'><strong>expolienda</strong></span> <span class='ocrx_word' id='word_1_163' title='bbox 562 1795 613 1854; x_wconf 90' lang='lat' dir='ltr'><strong>otii</strong></span> <span class='ocrx_word' id='word_1_164' title='bbox 639 1792 745 1874; x_wconf 86' lang='lat' dir='ltr'><strong>aliquid</strong></span> <span class='ocrx_word' id='word_1_165' title='bbox 767 1812 946 1875; x_wconf 62' lang='lat' dir='ltr'><strong>sumpsero.v</strong></span> <span class='ocrx_word' id='word_1_166' title='bbox 971 1791 1062 1856; x_wconf 90' lang='lat' dir='ltr'><strong>Simul</strong></span> <span class='ocrx_word' id='word_1_167' title='bbox 1075 1789 1212 1867; x_wconf 85' lang='lat' dir='ltr'><strong>verebar,</strong></span> <span class='ocrx_word' id='word_1_168' title='bbox 1236 1815 1273 1855; x_wconf 90' lang='lat' dir='ltr'><strong>ne</strong></span> <span class='ocrx_word' id='word_1_169' title='bbox 1292 1795 1357 1874; x_wconf 87' lang='lat' dir='ltr'><strong>quis</strong></span> <span class='ocrx_word' id='word_1_170' title='bbox 1374 1831 1385 1853; x_wconf 60' lang='grc'><strong>1</strong></span> 
     </span>
     <span class='ocr_line' id='line_1_19' title="bbox 265 1873 1357 1960; baseline -0.006 -17"><span class='ocrx_word' id='word_1_171' title='bbox 265 1875 437 1959; x_wconf 72' lang='grc' dir='ltr'><strong><em>ἀπληστίαν</em></strong></span> <span class='ocrx_word' id='word_1_172' title='bbox 456 1897 545 1938; x_wconf 86' lang='lat' dir='ltr'><strong>meam</strong></span> <span class='ocrx_word' id='word_1_173' title='bbox 566 1887 727 1950; x_wconf 83' lang='lat' dir='ltr'><strong>accusaret,</strong></span> <span class='ocrx_word' id='word_1_174' title='bbox 750 1878 775 1938; x_wconf 87' lang='lat' dir='ltr'><strong>si</strong></span> <span class='ocrx_word' id='word_1_175' title='bbox 797 1876 872 1960; x_wconf 90' lang='lat' dir='ltr'><strong>quod</strong></span> <span class='ocrx_word' id='word_1_176' title='bbox 894 1873 965 1938; x_wconf 90' lang='lat' dir='ltr'><strong>satis</strong></span> <span class='ocrx_word' id='word_1_177' title='bbox 986 1896 1127 1956; x_wconf 86' lang='lat' dir='ltr'><strong>superque</strong></span> <span class='ocrx_word' id='word_1_178' title='bbox 1146 1888 1191 1940; x_wconf 88' lang='lat' dir='ltr'><strong>est</strong></span> <span class='ocrx_word' id='word_1_179' title='bbox 1211 1876 1248 1938; x_wconf 88' lang='lat' dir='ltr'><strong>ad</strong></span> <span class='ocrx_word' id='word_1_180' title='bbox 1262 1889 1357 1938; x_wconf 88' lang='lat' dir='ltr'><strong>tutan-</strong></span> 
     </span>
     <span class='ocr_line' id='line_1_20' title="bbox 267 1959 1358 2046; baseline -0.001 -25"><span class='ocrx_word' id='word_1_181' title='bbox 267 1961 330 2022; x_wconf 88' lang='lat' dir='ltr'><strong>dam</strong></span> <span class='ocrx_word' id='word_1_182' title='bbox 351 1964 436 2022; x_wconf 88' lang='lat' dir='ltr'><strong>vitam</strong></span> <span class='ocrx_word' id='word_1_183' title='bbox 455 1973 641 2033; x_wconf 81' lang='lat' dir='ltr'><strong>consecutus,</strong></span> <span class='ocrx_word' id='word_1_184' title='bbox 664 1959 754 2020; x_wconf 90' lang='lat' dir='ltr'><strong>labori</strong></span> <span class='ocrx_word' id='word_1_185' title='bbox 777 1973 946 2046; x_wconf 80' lang='lat' dir='ltr'><strong>tamennon</strong></span> <span class='ocrx_word' id='word_1_186' title='bbox 969 1979 1134 2042; x_wconf 81' lang='lat' dir='ltr'><strong>parcerem,</strong></span> <span class='ocrx_word' id='word_1_187' title='bbox 1166 1960 1218 2020; x_wconf 93' lang='lat' dir='ltr'><strong>sed</strong></span> <span class='ocrx_word' id='word_1_188' title='bbox 1237 1963 1358 2042; x_wconf 87' lang='lat' dir='ltr'><strong>amplifi·</strong></span> 
     </span>
     <span class='ocr_line' id='line_1_21' title="bbox 267 2039 1363 2124; baseline 0 -18"><span class='ocrx_word' id='word_1_189' title='bbox 267 2044 374 2118; x_wconf 85' lang='lat' dir='ltr'><strong>caudae</strong></span> <span class='ocrx_word' id='word_1_190' title='bbox 396 2045 439 2105; x_wconf 89' lang='lat' dir='ltr'><strong>rei</strong></span> <span class='ocrx_word' id='word_1_191' title='bbox 463 2064 549 2124; x_wconf 78' lang='lat' dir='ltr'><strong>supra</strong></span> <span class='ocrx_word' id='word_1_192' title='bbox 570 2044 680 2104; x_wconf 89' lang='lat' dir='ltr'><strong>modum</strong></span> <span class='ocrx_word' id='word_1_193' title='bbox 703 2041 858 2105; x_wconf 75' lang='lat' dir='ltr'><strong>studerent.</strong></span> <span class='ocrx_word' id='word_1_194' title='bbox 884 2041 983 2122; x_wconf 78' lang='lat' dir='ltr'><strong>&#39;Ergo</strong></span> <span class='ocrx_word' id='word_1_195' title='bbox 997 2054 1036 2104; x_wconf 81' lang='lat' dir='ltr'><strong>et</strong></span> <span class='ocrx_word' id='word_1_196' title='bbox 1056 2043 1109 2103; x_wconf 88' lang='lat' dir='ltr'><strong>hac</strong></span> <span class='ocrx_word' id='word_1_197' title='bbox 1132 2039 1303 2124; x_wconf 82' lang='lat' dir='ltr'><strong>suspicione</strong></span> <span class='ocrx_word' id='word_1_198' title='bbox 1312 2065 1363 2106; x_wconf 83' lang='lat' dir='ltr'><strong>me</strong></span> 
     </span>
     <span class='ocr_line' id='line_1_22' title="bbox 268 2127 1356 2208; baseline 0 -20"><span class='ocrx_word' id='word_1_199' title='bbox 268 2129 396 2202; x_wconf 84' lang='lat' dir='ltr'><strong>exsolvi,</strong></span> <span class='ocrx_word' id='word_1_200' title='bbox 419 2139 448 2188; x_wconf 90' lang='lat' dir='ltr'><strong>et</strong></span> <span class='ocrx_word' id='word_1_201' title='bbox 467 2129 554 2188; x_wconf 91' lang='lat' dir='ltr'><strong>otium</strong></span> <span class='ocrx_word' id='word_1_202' title='bbox 576 2128 662 2204; x_wconf 89' lang='lat' dir='ltr'><strong>mibi,</strong></span> <span class='ocrx_word' id='word_1_203' title='bbox 686 2140 718 2186; x_wconf 93' lang='lat' dir='ltr'><strong>ut</strong></span> <span class='ocrx_word' id='word_1_204' title='bbox 737 2147 839 2207; x_wconf 89' lang='lat' dir='ltr'><strong>spero,</strong></span> <span class='ocrx_word' id='word_1_205' title='bbox 862 2127 892 2186; x_wconf 91' lang='lat' dir='ltr'><strong>in</strong></span> <span class='ocrx_word' id='word_1_206' title='bbox 914 2127 1051 2206; x_wconf 87' lang='lat' dir='ltr'><strong>reliquam</strong></span> <span class='ocrx_word' id='word_1_207' title='bbox 1071 2128 1356 2208; x_wconf 18' lang='lat' dir='ltr'><strong>vitambcomparavi.</strong></span> 
     </span>
     <span class='ocr_line' id='line_1_23' title="bbox 208 2207 1360 2292; baseline 0 -22"><span class='ocrx_word' id='word_1_208' title='bbox 208 2222 257 2270; x_wconf 77' lang='lat'><strong>65⁰</strong></span> <span class='ocrx_word' id='word_1_209' title='bbox 270 2211 335 2286; x_wconf 79' lang='lat' dir='ltr'><strong>Quo</strong></span> <span class='ocrx_word' id='word_1_210' title='bbox 356 2222 450 2272; x_wconf 89' lang='lat' dir='ltr'><strong>tamen</strong></span> <span class='ocrx_word' id='word_1_211' title='bbox 470 2213 528 2271; x_wconf 91' lang='lat' dir='ltr'><strong>otio</strong></span> <span class='ocrx_word' id='word_1_212' title='bbox 549 2233 603 2271; x_wconf 90' lang='lat' dir='ltr'><strong>non</strong></span> <span class='ocrx_word' id='word_1_213' title='bbox 627 2209 662 2272; x_wconf 90' lang='lat' dir='ltr'><strong>ad</strong></span> <span class='ocrx_word' id='word_1_214' title='bbox 680 2211 822 2292; x_wconf 80' lang='lat' dir='ltr'><strong>ignaviam</strong></span> <span class='ocrx_word' id='word_1_215' title='bbox 838 2209 954 2286; x_wconf 85' lang='lat' dir='ltr'><strong>abutar:</strong></span> <span class='ocrx_word' id='word_1_216' title='bbox 980 2207 1032 2278; x_wconf 86' lang='lat' dir='ltr'><strong>sed</strong></span> <span class='ocrx_word' id='word_1_217' title='bbox 1047 2230 1160 2290; x_wconf 73' lang='lat' dir='ltr'><strong>semper</strong></span> <span class='ocrx_word' id='word_1_218' title='bbox 1173 2210 1281 2292; x_wconf 88' lang='lat' dir='ltr'><strong>aliquid</strong></span> <span class='ocrx_word' id='word_1_219' title='bbox 1299 2232 1360 2270; x_wconf 91' lang='lat' dir='ltr'><strong>mo·</strong></span> 
     </span>
     <span class='ocr_line' id='line_1_24' title="bbox 268 2287 1451 2374; baseline -0.003 -18"><span class='ocrx_word' id='word_1_220' title='bbox 268 2295 343 2368; x_wconf 91' lang='lat' dir='ltr'><strong>liar,</strong></span> <span class='ocrx_word' id='word_1_221' title='bbox 372 2293 447 2374; x_wconf 90' lang='lat' dir='ltr'><strong>quod</strong></span> <span class='ocrx_word' id='word_1_222' title='bbox 476 2314 521 2354; x_wconf 90' lang='lat' dir='ltr'><strong>me</strong></span> <span class='ocrx_word' id='word_1_223' title='bbox 548 2289 685 2374; x_wconf 86' lang='lat' dir='ltr'><strong>prodesse</strong></span> <span class='ocrx_word' id='word_1_224' title='bbox 713 2293 912 2374; x_wconf 66' lang='lat' dir='ltr'><strong>po&#39;stcris,.si</strong></span> <span class='ocrx_word' id='word_1_225' title='bbox 937 2294 1196 2372; x_wconf 79' lang='lat' dir='ltr'><strong>minuspotuisse,</strong></span> <span class='ocrx_word' id='word_1_226' title='bbox 1224 2305 1381 2356; x_wconf 71' lang='lat' dir='ltr'><strong>atcerte,</strong></span> <span class='ocrx_word' id='word_1_227' title='bbox 1447 2287 1451 2293; x_wconf 51' lang='grc'><em>“</em></span> 
     </span>
     <span class='ocr_line' id='line_1_25' title="bbox 269 2368 1359 2459; baseline 0 -23"><span class='ocrx_word' id='word_1_228' title='bbox 269 2389 329 2436; x_wconf 89' lang='lat' dir='ltr'><strong>toto</strong></span> <span class='ocrx_word' id='word_1_229' title='bbox 351 2380 445 2438; x_wconf 87' lang='lat' dir='ltr'><strong>auimo</strong></span> <span class='ocrx_word' id='word_1_230' title='bbox 465 2377 591 2452; x_wconf 74' lang='lat' dir='ltr'><strong>poluisse</strong></span> <span class='ocrx_word' id='word_1_231' title='bbox 617 2389 747 2438; x_wconf 87' lang='lat' dir='ltr'><strong>testetur.</strong></span> <span class='ocrx_word' id='word_1_232' title='bbox 791 2368 1003 2454; x_wconf 72' lang='lat' dir='ltr'><strong>Describuntur</strong></span> <span class='ocrx_word' id='word_1_233' title='bbox 1024 2375 1070 2436; x_wconf 88' lang='lat' dir='ltr'><strong>hic</strong></span> <span class='ocrx_word' id='word_1_234' title='bbox 1093 2397 1166 2436; x_wconf 89' lang='lat' dir='ltr'><strong>nunc</strong></span> <span class='ocrx_word' id='word_1_235' title='bbox 1186 2399 1203 2438; x_wconf 87' lang='lat' dir='ltr'><strong>a</strong></span> <span class='ocrx_word' id='word_1_236' title='bbox 1224 2390 1359 2459; x_wconf 84' lang='lat' dir='ltr'><strong>typogra-</strong></span> 
     </span>
     <span class='ocr_line' id='line_1_26' title="bbox 267 2453 1356 2543; baseline 0.004 -25"><span class='ocrx_word' id='word_1_237' title='bbox 267 2461 333 2541; x_wconf 90' lang='lat' dir='ltr'><strong>pbis</strong></span> <span class='ocrx_word' id='word_1_238' title='bbox 361 2454 449 2543; x_wconf 76' lang='lat' dir='ltr'><strong>opera</strong></span> <span class='ocrx_word' id='word_1_239' title='bbox 481 2461 576 2520; x_wconf 88' lang='lat' dir='ltr'><strong>omui&#39;a</strong></span> <span class='ocrx_word' id='word_1_240' title='bbox 602 2461 736 2524; x_wconf 85' lang='lat' dir='ltr'><strong>Senecae¹</strong></span> <span class='ocrx_word' id='word_1_241' title='bbox 755 2453 902 2531; x_wconf 80' lang='lat' dir='ltr'><strong>emendata</strong></span> <span class='ocrx_word' id='word_1_242' title='bbox 932 2457 1026 2542; x_wconf 81' lang='lat' dir='ltr'><strong>studio</strong></span> <span class='ocrx_word' id='word_1_243' title='bbox 1055 2481 1089 2520; x_wconf 88' lang='lat' dir='ltr'><strong>ac</strong></span> <span class='ocrx_word' id='word_1_244' title='bbox 1111 2459 1260 2538; x_wconf 86' lang='lat' dir='ltr'><strong>diligentia</strong></span> <span class='ocrx_word' id='word_1_245' title='bbox 1283 2482 1356 2542; x_wconf 80' lang='lat' dir='ltr'><strong>inea.</strong></span> 
     </span>
     <span class='ocr_line' id='line_1_27' title="bbox 269 2540 1359 2626; baseline 0 -22"><span class='ocrx_word' id='word_1_246' title='bbox 269 2544 352 2619; x_wconf 83' lang='lat' dir='ltr'><strong>Quae</strong></span> <span class='ocrx_word' id='word_1_247' title='bbox 376 2542 460 2604; x_wconf 90' lang='lat' dir='ltr'><strong>simul</strong></span> <span class='ocrx_word' id='word_1_248' title='bbox 488 2543 617 2602; x_wconf 86' lang='lat' dir='ltr'><strong>absoluta</strong></span> <span class='ocrx_word' id='word_1_249' title='bbox 644 2552 745 2615; x_wconf 89' lang='lat' dir='ltr'><strong>eruut,</strong></span> <span class='ocrx_word' id='word_1_250' title='bbox 774 2540 810 2601; x_wconf 91' lang='lat' dir='ltr'><strong>ad</strong></span> <span class='ocrx_word' id='word_1_251' title='bbox 837 2553 867 2602; x_wconf 91' lang='lat' dir='ltr'><strong>te</strong></span> <span class='ocrx_word' id='word_1_252' title='bbox 888 2542 1046 2626; x_wconf 78' lang='lat' dir='ltr'><strong>mittentur.</strong></span> <span class='ocrx_word' id='word_1_253' title='bbox 1106 2543 1248 2622; x_wconf 88' lang='lat' dir='ltr'><strong>Sequetur</strong></span> <span class='ocrx_word' id='word_1_254' title='bbox 1273 2541 1359 2606; x_wconf 83' lang='lat' dir='ltr'><strong>Cont-</strong></span> 
     </span>
     <span class='ocr_line' id='line_1_28' title="bbox 270 2622 1358 2713; baseline 0.001 -26"><span class='ocrx_word' id='word_1_255' title='bbox 270 2628 424 2688; x_wconf 83' lang='lat' dir='ltr'><strong>mentarius</strong></span> <span class='ocrx_word' id='word_1_256' title='bbox 448 2627 477 2684; x_wconf 93' lang='lat' dir='ltr'><strong>in</strong></span> <span class='ocrx_word' id='word_1_257' title='bbox 498 2624 607 2706; x_wconf 79' lang='lat' dir='ltr'><strong>Etbica</strong></span> <span class='ocrx_word' id='word_1_258' title='bbox 626 2623 814 2697; x_wconf 65' lang='lat' dir='ltr'><strong>Aristotelis,</strong></span> <span class='ocrx_word' id='word_1_259' title='bbox 836 2625 948 2709; x_wconf 79' lang='lat' dir='ltr'><strong>aliaque</strong></span> <span class='ocrx_word' id='word_1_260' title='bbox 966 2622 1118 2706; x_wconf 81' lang='lat' dir='ltr'><strong>deinceps,</strong></span> <span class='ocrx_word' id='word_1_261' title='bbox 1141 2647 1213 2713; x_wconf 85' lang='lat' dir='ltr'><strong>quae</strong></span> <span class='ocrx_word' id='word_1_262' title='bbox 1232 2627 1284 2688; x_wconf 94' lang='lat' dir='ltr'><strong>tibi</strong></span> <span class='ocrx_word' id='word_1_263' title='bbox 1303 2650 1358 2688; x_wconf 91' lang='lat' dir='ltr'><strong>nou</strong></span> 
     </span>
     <span class='ocr_line' id='line_1_29' title="bbox 269 2705 1359 2788; baseline 0.002 -19"><span class='ocrx_word' id='word_1_264' title='bbox 269 2729 469 2788; x_wconf 88' lang='lat' dir='ltr'><strong>usquequaque</strong></span> <span class='ocrx_word' id='word_1_265' title='bbox 494 2707 673 2788; x_wconf 88' lang='lat' dir='ltr'><strong>displicitura</strong></span> <span class='ocrx_word' id='word_1_266' title='bbox 690 2706 811 2768; x_wconf 85' lang='lat' dir='ltr'><strong>conlido.</strong></span> <span class='ocrx_word' id='word_1_267' title='bbox 855 2707 971 2774; x_wconf 86' lang='lat' dir='ltr'><strong>luterea</strong></span> <span class='ocrx_word' id='word_1_268' title='bbox 994 2710 1075 2769; x_wconf 88' lang='lat' dir='ltr'><strong>mitto</strong></span> <span class='ocrx_word' id='word_1_269' title='bbox 1095 2705 1131 2772; x_wconf 85' lang='lat' dir='ltr'><strong>ad</strong></span> <span class='ocrx_word' id='word_1_270' title='bbox 1154 2721 1182 2770; x_wconf 92' lang='lat' dir='ltr'><strong>te</strong></span> <span class='ocrx_word' id='word_1_271' title='bbox 1197 2711 1359 2771; x_wconf 85' lang='lat' dir='ltr'><strong>oratiuncu-</strong></span> 
     </span>
     <span class='ocr_line' id='line_1_30' title="bbox 223 2789 1360 2875; baseline 0.002 -23"><span class='ocrx_word' id='word_1_272' title='bbox 223 2808 226 2817; x_wconf 81' lang='grc'><strong>“</strong></span> <span class='ocrx_word' id='word_1_273' title='bbox 270 2793 325 2852; x_wconf 87' lang='lat' dir='ltr'><strong>lam</strong></span> <span class='ocrx_word' id='word_1_274' title='bbox 358 2793 483 2870; x_wconf 88' lang='lat' dir='ltr'><strong>habitam</strong></span> <span class='ocrx_word' id='word_1_275' title='bbox 511 2791 559 2853; x_wconf 88' lang='lat' dir='ltr'><strong>bic</strong></span> <span class='ocrx_word' id='word_1_276' title='bbox 585 2811 668 2852; x_wconf 90' lang='lat' dir='ltr'><strong>ame</strong></span> <span class='ocrx_word' id='word_1_277' title='bbox 687 2793 716 2852; x_wconf 90' lang='lat' dir='ltr'><strong>in</strong></span> <span class='ocrx_word' id='word_1_278' title='bbox 737 2791 838 2874; x_wconf 82' lang='lat' dir='ltr'><strong>funere</strong></span> <span class='ocrx_word' id='word_1_279' title='bbox 857 2789 941 2852; x_wconf 87' lang='lat' dir='ltr'><strong>Pauli</strong></span> <span class='ocrx_word' id='word_1_280' title='bbox 961 2790 1112 2875; x_wconf 45' lang='lat' dir='ltr'><strong>tionum)</strong></span> <span class='ocrx_word' id='word_1_281' title='bbox 1138 2791 1360 2874; x_wconf 76' lang='lat' dir='ltr'><strong>Archippiscopi</strong></span> 
     </span>
     <span class='ocr_line' id='line_1_31' title="bbox 269 2873 1356 2958; baseline -0.001 -20"><span class='ocrx_word' id='word_1_282' title='bbox 269 2877 419 2948; x_wconf 85' lang='lat' dir='ltr'><strong>Tolosaui,</strong></span> <span class='ocrx_word' id='word_1_283' title='bbox 443 2876 537 2954; x_wconf 81' lang='lat' dir='ltr'><strong>magni</strong></span> <span class='ocrx_word' id='word_1_284' title='bbox 554 2895 588 2936; x_wconf 84' lang='lat' dir='ltr'><strong>ac</strong></span> <span class='ocrx_word' id='word_1_285' title='bbox 605 2877 776 2955; x_wconf 84' lang='lat' dir='ltr'><strong>praestantis</strong></span> <span class='ocrx_word' id='word_1_286' title='bbox 794 2875 850 2940; x_wconf 84' lang='lat' dir='ltr'><strong>uiri</strong></span> <span class='ocrx_word' id='word_1_287' title='bbox 867 2875 987 2956; x_wconf 90' lang='lat' dir='ltr'><strong>tibique,</strong></span> <span class='ocrx_word' id='word_1_288' title='bbox 1006 2887 1037 2934; x_wconf 91' lang='lat' dir='ltr'><strong>ut</strong></span> <span class='ocrx_word' id='word_1_289' title='bbox 1052 2873 1163 2956; x_wconf 83' lang='lat' dir='ltr'><strong>opinor,</strong></span> <span class='ocrx_word' id='word_1_290' title='bbox 1184 2899 1239 2937; x_wconf 91' lang='lat' dir='ltr'><strong>non</strong></span> <span class='ocrx_word' id='word_1_291' title='bbox 1254 2878 1356 2958; x_wconf 71' lang='lat' dir='ltr'><strong>ignoti</strong></span> 
     </span>
     <span class='ocr_line' id='line_1_32' title="bbox 270 2955 1360 3042; baseline 0 -21"><span class='ocrx_word' id='word_1_292' title='bbox 270 2957 378 3021; x_wconf 77' lang='lat' dir='ltr'><strong>Addidi</strong></span> <span class='ocrx_word' id='word_1_293' title='bbox 405 2957 460 3019; x_wconf 90' lang='lat' dir='ltr'><strong>duo</strong></span> <span class='ocrx_word' id='word_1_294' title='bbox 491 2959 627 3038; x_wconf 89' lang='lat' dir='ltr'><strong>quaedam</strong></span> <span class='ocrx_word' id='word_1_295' title='bbox 653 2959 793 3042; x_wconf 68' lang='lat' dir='ltr'><strong>poematia</strong></span> <span class='ocrx_word' id='word_1_296' title='bbox 817 2979 897 3032; x_wconf 87' lang='lat' dir='ltr'><strong>mea,</strong></span> <span class='ocrx_word' id='word_1_297' title='bbox 926 2955 1055 3038; x_wconf 83' lang='lat' dir='ltr'><strong>adquae</strong></span> <span class='ocrx_word' id='word_1_298' title='bbox 1076 2960 1225 3020; x_wconf 82' lang='lat' dir='ltr'><strong>familiaris</strong></span> <span class='ocrx_word' id='word_1_299' title='bbox 1247 2959 1360 3040; x_wconf 86' lang='lat' dir='ltr'><strong>quidam</strong></span> 
     </span>
     <span class='ocr_line' id='line_1_33' title="bbox 270 3039 1377 3128; baseline 0.003 -28"><span class='ocrx_word' id='word_1_300' title='bbox 270 3061 349 3102; x_wconf 90' lang='lat' dir='ltr'><strong>meus</strong></span> <span class='ocrx_word' id='word_1_301' title='bbox 378 3043 488 3102; x_wconf 89' lang='lat' dir='ltr'><strong>notulas</strong></span> <span class='ocrx_word' id='word_1_302' title='bbox 498 3039 555 3122; x_wconf 49' lang='grc'><strong>1116)</strong></span> <span class='ocrx_word' id='word_1_303' title='bbox 584 3042 718 3121; x_wconf 86' lang='lat' dir='ltr'><strong>quasdam</strong></span> <span class='ocrx_word' id='word_1_304' title='bbox 742 3041 846 3102; x_wconf 86' lang='lat' dir='ltr'><strong>adiecit</strong></span> <span class='ocrx_word' id='word_1_305' title='bbox 868 3062 924 3102; x_wconf 91' lang='lat' dir='ltr'><strong>non</strong></span> <span class='ocrx_word' id='word_1_306' title='bbox 945 3061 1061 3122; x_wconf 74' lang='lat' dir='ltr'><strong>prorsus</strong></span> <span class='ocrx_word' id='word_1_307' title='bbox 1084 3041 1377 3128; x_wconf 40' lang='lat' dir='ltr'><strong>inelegantem&amp;</strong></span> 
     </span>
     <span class='ocr_line' id='line_1_34' title="bbox 271 3123 1360 3206; baseline 0.002 -20"><span class='ocrx_word' id='word_1_308' title='bbox 271 3126 354 3200; x_wconf 87' lang='lat' dir='ltr'><strong>Haec</strong></span> <span class='ocrx_word' id='word_1_309' title='bbox 382 3145 473 3205; x_wconf 86' lang='lat' dir='ltr'><strong>pauca</strong></span> <span class='ocrx_word' id='word_1_310' title='bbox 503 3125 624 3184; x_wconf 88' lang='lat' dir='ltr'><strong>libenter</strong></span> <span class='ocrx_word' id='word_1_311' title='bbox 645 3125 789 3206; x_wconf 88' lang='lat' dir='ltr'><strong>accipies,</strong></span> <span class='ocrx_word' id='word_1_312' title='bbox 820 3135 904 3204; x_wconf 91' lang='lat' dir='ltr'><strong>teque</strong></span> <span class='ocrx_word' id='word_1_313' title='bbox 925 3125 962 3184; x_wconf 93' lang='lat' dir='ltr'><strong>iis</strong></span> <span class='ocrx_word' id='word_1_314' title='bbox 982 3123 1159 3198; x_wconf 86' lang='lat' dir='ltr'><strong>oblectabis,</strong></span> <span class='ocrx_word' id='word_1_315' title='bbox 1187 3124 1252 3186; x_wconf 87' lang='lat' dir='ltr'><strong>dum</strong></span> <span class='ocrx_word' id='word_1_316' title='bbox 1275 3148 1293 3187; x_wconf 91' lang='lat' dir='ltr'><strong>a</strong></span> <span class='ocrx_word' id='word_1_317' title='bbox 1315 3147 1360 3188; x_wconf 88' lang='lat' dir='ltr'><strong>me</strong></span> 
     </span>
     <span class='ocr_line' id='line_1_35' title="bbox 270 3203 1393 3290; baseline 0.003 -21"><span class='ocrx_word' id='word_1_318' title='bbox 270 3210 387 3287; x_wconf 76' lang='lat' dir='ltr'><strong>gravius</strong></span> <span class='ocrx_word' id='word_1_319' title='bbox 405 3206 511 3287; x_wconf 77' lang='lat' dir='ltr'><strong>aliquid</strong></span> <span class='ocrx_word' id='word_1_320' title='bbox 527 3219 557 3268; x_wconf 88' lang='lat' dir='ltr'><strong>et</strong></span> <span class='ocrx_word' id='word_1_321' title='bbox 572 3207 698 3286; x_wconf 81' lang='lat' dir='ltr'><strong>dignius,</strong></span> <span class='ocrx_word' id='word_1_322' title='bbox 717 3205 792 3286; x_wconf 86' lang='lat' dir='ltr'><strong>quud</strong></span> <span class='ocrx_word' id='word_1_323' title='bbox 804 3205 840 3268; x_wconf 88' lang='lat' dir='ltr'><strong>ad</strong></span> <span class='ocrx_word' id='word_1_324' title='bbox 852 3219 881 3269; x_wconf 88' lang='lat' dir='ltr'><strong>te</strong></span> <span class='ocrx_word' id='word_1_325' title='bbox 899 3209 1042 3280; x_wconf 87' lang='lat' dir='ltr'><strong>mittatur,</strong></span> <span class='ocrx_word' id='word_1_326' title='bbox 1066 3203 1215 3290; x_wconf 78' lang='lat' dir='ltr'><strong>accipias.</strong></span> <span class='ocrx_word' id='word_1_327' title='bbox 1241 3209 1361 3272; x_wconf 87' lang='lat' dir='ltr'><strong>Interea</strong></span> <span class='ocrx_word' id='word_1_328' title='bbox 1390 3224 1393 3233; x_wconf 82' lang='grc'><em>“</em></span> 
     </span>
     <span class='ocr_line' id='line_1_36' title="bbox 270 3285 1359 3376; baseline 0.003 -25"><span class='ocrx_word' id='word_1_329' title='bbox 270 3312 322 3352; x_wconf 87' lang='lat' dir='ltr'><strong>ono</strong></span> <span class='ocrx_word' id='word_1_330' title='bbox 343 3302 372 3352; x_wconf 89' lang='lat' dir='ltr'><strong>te</strong></span> <span class='ocrx_word' id='word_1_331' title='bbox 392 3291 445 3372; x_wconf 77' lang='lat' dir='ltr'><strong>per.</strong></span> <span class='ocrx_word' id='word_1_332' title='bbox 466 3291 542 3350; x_wconf 85' lang='lat' dir='ltr'><strong>illem</strong></span> <span class='ocrx_word' id='word_1_333' title='bbox 564 3311 650 3370; x_wconf 82' lang='lat' dir='ltr'><strong>saepe</strong></span> <span class='ocrx_word' id='word_1_334' title='bbox 668 3289 738 3352; x_wconf 87' lang='lat' dir='ltr'><strong>mibi</strong></span> <span class='ocrx_word' id='word_1_335' title='bbox 759 3302 914 3376; x_wconf 80' lang='lat' dir='ltr'><strong>spectatam</strong></span> <span class='ocrx_word' id='word_1_336' title='bbox 932 3285 1133 3356; x_wconf 81' lang='lat' dir='ltr'><strong>humanitatem</strong></span> <span class='ocrx_word' id='word_1_337' title='bbox 1149 3313 1182 3354; x_wconf 88' lang='lat' dir='ltr'><strong>ac</strong></span> <span class='ocrx_word' id='word_1_338' title='bbox 1198 3295 1359 3354; x_wconf 87' lang='lat' dir='ltr'><strong>comitatem</strong></span> 
     </span>
     <span class='ocr_line' id='line_1_37' title="bbox 204 3373 1359 3455; baseline 0.002 -21"><span class='ocrx_word' id='word_1_339' title='bbox 204 3403 207 3414; x_wconf 92' lang='lat'>·</span> <span class='ocrx_word' id='word_1_340' title='bbox 271 3385 363 3448; x_wconf 87' lang='lat' dir='ltr'><strong>tuem,</strong></span> <span class='ocrx_word' id='word_1_341' title='bbox 395 3386 425 3434; x_wconf 93' lang='lat' dir='ltr'><strong>ut</strong></span> <span class='ocrx_word' id='word_1_342' title='bbox 451 3393 547 3434; x_wconf 89' lang='lat' dir='ltr'><strong>amare</strong></span> <span class='ocrx_word' id='word_1_343' title='bbox 575 3391 620 3450; x_wconf 84' lang='lat' dir='ltr'><strong>me</strong></span> <span class='ocrx_word' id='word_1_344' title='bbox 648 3394 769 3454; x_wconf 83' lang='lat' dir='ltr'><strong>pergas,</strong></span> <span class='ocrx_word' id='word_1_345' title='bbox 799 3375 918 3455; x_wconf 88' lang='lat' dir='ltr'><strong>eiusque</strong></span> <span class='ocrx_word' id='word_1_346' title='bbox 942 3377 985 3436; x_wconf 88' lang='lat' dir='ltr'><strong>rei</strong></span> <span class='ocrx_word' id='word_1_347' title='bbox 1009 3373 1077 3438; x_wconf 90' lang='lat' dir='ltr'><strong>mibi</strong></span> <span class='ocrx_word' id='word_1_348' title='bbox 1101 3375 1183 3436; x_wconf 89' lang='lat' dir='ltr'><strong>lidem</strong></span> <span class='ocrx_word' id='word_1_349' title='bbox 1205 3376 1359 3450; x_wconf 88' lang='lat' dir='ltr'><strong>interdum,</strong></span> 
     </span>
     <span class='ocr_line' id='line_1_38' title="bbox 270 3451 1360 3542; baseline 0.004 -25"><span class='ocrx_word' id='word_1_350' title='bbox 270 3457 345 3536; x_wconf 90' lang='lat' dir='ltr'><strong>quod</strong></span> <span class='ocrx_word' id='word_1_351' title='bbox 367 3451 512 3518; x_wconf 87' lang='lat' dir='ltr'><strong>commodo</strong></span> <span class='ocrx_word' id='word_1_352' title='bbox 538 3467 594 3518; x_wconf 30' lang='lat' dir='ltr'><strong>,tuo</strong></span> <span class='ocrx_word' id='word_1_353' title='bbox 615 3457 681 3530; x_wconf 84' lang='lat' dir='ltr'><strong>fiat,</strong></span> <span class='ocrx_word' id='word_1_354' title='bbox 713 3458 768 3518; x_wconf 90' lang='lat' dir='ltr'><strong>tuis</strong></span> <span class='ocrx_word' id='word_1_355' title='bbox 790 3458 1001 3520; x_wconf 91' lang='lat' dir='ltr'><strong>iucundissimis</strong></span> <span class='ocrx_word' id='word_1_356' title='bbox 1023 3457 1148 3538; x_wconf 90' lang='lat' dir='ltr'><strong>mibique</strong></span> <span class='ocrx_word' id='word_1_357' title='bbox 1167 3461 1360 3542; x_wconf 82' lang='lat' dir='ltr'><strong>optatissimis</strong></span> 
     </span>
    </p>
   </div>
   <div class='ocr_carea' id='block_1_3' title="bbox 145 3505 1317 3625">
    <p class='ocr_par' dir='ltr' id='par_1_3' title="bbox 145 3505 1317 3625">
     <span class='ocr_line' id='line_1_39' title="bbox 145 3505 1317 3625; baseline 0.005 -26"><span class='ocrx_word' id='word_1_358' title='bbox 145 3505 148 3517; x_wconf 44' lang='grc' dir='ltr'>Ι</span> <span class='ocrx_word' id='word_1_359' title='bbox 227 3561 228 3564; x_wconf 67' lang='grc'>’</span> <span class='ocrx_word' id='word_1_360' title='bbox 270 3541 376 3602; x_wconf 88' lang='lat' dir='ltr'><strong>litteris</strong></span> <span class='ocrx_word' id='word_1_361' title='bbox 393 3541 494 3605; x_wconf 81' lang='lat' dir='ltr'><strong>iacias.</strong></span> <span class='ocrx_word' id='word_1_362' title='bbox 538 3537 1317 3625; x_wconf 77' lang='lat' dir='ltr'><strong>Vate.ttomae-.V1.tiat.ap1il.MDLXXX1V.</strong></span> 
     </span>
    </p>
   </div>
   <div class='ocr_carea' id='block_1_4' title="bbox 326 3738 683 3793">
    <p class='ocr_par' dir='ltr' id='par_1_4' title="bbox 326 3738 683 3793">
     <span class='ocr_line' id='line_1_40' title="bbox 326 3738 683 3793; baseline 0.011 -13"><span class='ocrx_word' id='word_1_363' title='bbox 326 3738 360 3793; x_wconf 69' lang='lat' dir='ltr'><strong>ts)</strong></span> <span class='ocrx_word' id='word_1_364' title='bbox 376 3739 452 3784; x_wconf 79' lang='lat' dir='ltr'><strong>erait.</strong></span> <span class='ocrx_word' id='word_1_365' title='bbox 467 3739 521 3784; x_wconf 88' lang='lat' dir='ltr'><strong>Vol.</strong></span> <span class='ocrx_word' id='word_1_366' title='bbox 536 3739 555 3783; x_wconf 90' lang='lat' dir='ltr'><strong>t.</strong></span> <span class='ocrx_word' id='word_1_367' title='bbox 570 3738 609 3783; x_wconf 77' lang='lat'><strong>26.</strong></span> <span class='ocrx_word' id='word_1_368' title='bbox 638 3740 683 3784; x_wconf 78' lang='lat' dir='ltr'><strong>tta.</strong></span> 
     </span>
    </p>
   </div>
   <div class='ocr_carea' id='block_1_5' title="bbox 269 3808 1361 3970">
    <p class='ocr_par' dir='ltr' id='par_1_5' title="bbox 269 3808 1361 3970">
     <span class='ocr_line' id='line_1_41' title="bbox 273 3808 1361 3870; baseline 0.004 -18"><span class='ocrx_word' id='word_1_369' title='bbox 273 3815 276 3823; x_wconf 83' lang='lat'><em>·</em></span> <span class='ocrx_word' id='word_1_370' title='bbox 326 3808 378 3867; x_wconf 73' lang='lat' dir='ltr'><strong>ru]</strong></span> <span class='ocrx_word' id='word_1_371' title='bbox 392 3813 444 3856; x_wconf 85' lang='lat' dir='ltr'><strong>iloc</strong></span> <span class='ocrx_word' id='word_1_372' title='bbox 458 3810 642 3868; x_wconf 79' lang='lat' dir='ltr'><strong>deminutivum,</strong></span> <span class='ocrx_word' id='word_1_373' title='bbox 659 3811 723 3865; x_wconf 80' lang='lat' dir='ltr'><strong>quoa</strong></span> <span class='ocrx_word' id='word_1_374' title='bbox 737 3811 814 3856; x_wconf 84' lang='lat' dir='ltr'><strong>semei</strong></span> <span class='ocrx_word' id='word_1_375' title='bbox 827 3811 890 3865; x_wconf 84' lang='lat' dir='ltr'><strong>aput</strong></span> <span class='ocrx_word' id='word_1_376' title='bbox 906 3809 1053 3860; x_wconf 75' lang='lat' dir='ltr'><strong>Marcianum</strong></span> <span class='ocrx_word' id='word_1_377' title='bbox 1068 3813 1206 3870; x_wconf 74' lang='lat' dir='ltr'><strong>Capellam,</strong></span> <span class='ocrx_word' id='word_1_378' title='bbox 1223 3812 1247 3856; x_wconf 92' lang='lat' dir='ltr'><strong>in</strong></span> <span class='ocrx_word' id='word_1_379' title='bbox 1262 3810 1361 3866; x_wconf 80' lang='lat' dir='ltr'><strong>scriptis</strong></span> 
     </span>
     <span class='ocr_line' id='line_1_42' title="bbox 269 3868 1361 3970; baseline 0 -56"><span class='ocrx_word' id='word_1_380' title='bbox 269 3872 354 3914; x_wconf 86' lang='lat' dir='ltr'><strong>borum</strong></span> <span class='ocrx_word' id='word_1_381' title='bbox 372 3869 531 3912; x_wconf 84' lang='lat' dir='ltr'><strong>recentiorum</strong></span> <span class='ocrx_word' id='word_1_382' title='bbox 553 3868 696 3922; x_wconf 79' lang='lat' dir='ltr'><strong>saepissime</strong></span> <span class='ocrx_word' id='word_1_383' title='bbox 711 3868 810 3927; x_wconf 73' lang='lat' dir='ltr'><strong>legitur,</strong></span> <span class='ocrx_word' id='word_1_384' title='bbox 831 3869 910 3924; x_wconf 78' lang='lat' dir='ltr'><strong>magis</strong></span> <span class='ocrx_word' id='word_1_385' title='bbox 925 3868 998 3913; x_wconf 85' lang='lat' dir='ltr'><strong>etium</strong></span> <span class='ocrx_word' id='word_1_386' title='bbox 1012 3871 1136 3970; x_wconf 78' lang='lat' dir='ltr'><strong>vltpndum</strong></span> <span class='ocrx_word' id='word_1_387' title='bbox 1151 3873 1190 3915; x_wconf 83' lang='lat' dir='ltr'><strong>est</strong></span> <span class='ocrx_word' id='word_1_388' title='bbox 1204 3881 1275 3924; x_wconf 79' lang='lat' dir='ltr'><strong>quiam</strong></span> <span class='ocrx_word' id='word_1_389' title='bbox 1289 3871 1361 3916; x_wconf 79' lang='lat' dir='ltr'><strong>rruloe</strong></span> 
     </span>
    </p>
   </div>
   <div class='ocr_carea' id='block_1_6' title="bbox 253 3925 1359 4027">
    <p class='ocr_par' dir='ltr' id='par_1_6' title="bbox 253 3925 1359 4027">
     <span class='ocr_line' id='line_1_43' title="bbox 253 3925 1359 3981; baseline 0 -11"><span class='ocrx_word' id='word_1_390' title='bbox 253 3927 421 3981; x_wconf 49' lang='lat' dir='ltr'><strong>pecunarum,</strong></span> <span class='ocrx_word' id='word_1_391' title='bbox 437 3925 467 3974; x_wconf 77' lang='lat' dir='ltr'><strong>ue</strong></span> <span class='ocrx_word' id='word_1_392' title='bbox 482 3936 529 3978; x_wconf 82' lang='lat' dir='ltr'><strong>quo</strong></span> <span class='ocrx_word' id='word_1_393' title='bbox 544 3935 619 3978; x_wconf 82' lang='lat' dir='ltr'><strong>supra</strong></span> <span class='ocrx_word' id='word_1_394' title='bbox 633 3925 685 3968; x_wconf 80' lang='lat' dir='ltr'><strong>dixi</strong></span> <span class='ocrx_word' id='word_1_395' title='bbox 699 3936 753 3980; x_wconf 77' lang='lat' dir='ltr'><strong>pag.</strong></span> <span class='ocrx_word' id='word_1_396' title='bbox 768 3927 797 3970; x_wconf 86' lang='lat' dir='ltr'><strong>li.</strong></span> <span class='ocrx_word' id='word_1_397' title='bbox 814 3925 868 3972; x_wconf 74' lang='lat'><strong>2³⁰.</strong></span> <span class='ocrx_word' id='word_1_398' title='bbox 897 3925 990 3971; x_wconf 75' lang='grc'><strong>(1111111111</strong></span> <span class='ocrx_word' id='word_1_399' title='bbox 1005 3927 1067 3972; x_wconf 73' lang='lat' dir='ltr'><strong>iiiut</strong></span> <span class='ocrx_word' id='word_1_400' title='bbox 1080 3927 1282 3973; x_wconf 72' lang='lat' dir='ltr'><strong>mummtmeutus</strong></span> <span class='ocrx_word' id='word_1_401' title='bbox 1296 3927 1359 3971; x_wconf 82' lang='lat' dir='ltr'><strong>xlx.</strong></span> 
     </span>
     <span class='ocr_line' id='line_1_44' title="bbox 269 3979 1069 4027; baseline 0.001 -1"><span class='ocrx_word' id='word_1_402' title='bbox 269 3983 292 4026; x_wconf 75' lang='lat' dir='ltr'><strong>t.</strong></span> <span class='ocrx_word' id='word_1_403' title='bbox 308 3986 370 4027; x_wconf 81' lang='lat' dir='ltr'><strong>extr.</strong></span> <span class='ocrx_word' id='word_1_404' title='bbox 385 3979 414 4026; x_wconf 87' lang='lat' dir='ltr'><strong>cl.</strong></span> <span class='ocrx_word' id='word_1_405' title='bbox 430 3979 550 4026; x_wconf 64' lang='lat' dir='ltr'><strong>imvm.</strong></span> <span class='ocrx_word' id='word_1_406' title='bbox 567 3981 605 4026; x_wconf 75' lang='lat'><strong>21.</strong></span> <span class='ocrx_word' id='word_1_407' title='bbox 621 3985 683 4026; x_wconf 80' lang='lat' dir='ltr'><strong>extr.</strong></span> <span class='ocrx_word' id='word_1_408' title='bbox 712 3985 757 4027; x_wconf 78' lang='lat' dir='ltr'><strong>ltu.</strong></span> <span class='ocrx_word' id='word_1_409' title='bbox 1059 3992 1069 3998; x_wconf 82' lang='lat'><em>·</em></span> 
     </span>
    </p>
   </div>
   <div class='ocr_carea' id='block_1_7' title="bbox 113 4012 1417 4225">
    <p class='ocr_par' dir='ltr' id='par_1_7' title="bbox 113 4012 1417 4225">
     <span class='ocr_line' id='line_1_45' title="bbox 113 4012 1417 4113; baseline 0.004 -18"><span class='ocrx_word' id='word_1_410' title='bbox 113 4053 117 4058; x_wconf 90' lang='grc'><em>“</em></span> <span class='ocrx_word' id='word_1_411' title='bbox 180 4085 187 4113; x_wconf 54' lang='grc' dir='ltr'><em>Ι</em></span> <span class='ocrx_word' id='word_1_412' title='bbox 325 4053 553 4110; x_wconf 64' lang='lat' dir='ltr'><strong>*damnatoriam</strong></span> <span class='ocrx_word' id='word_1_413' title='bbox 569 4053 661 4110; x_wconf 85' lang='lat' dir='ltr'><strong>opinor,</strong></span> <span class='ocrx_word' id='word_1_414' title='bbox 676 4053 827 4108; x_wconf 73' lang='lat' dir='ltr'><strong>intelligitur</strong></span> <span class='ocrx_word' id='word_1_415' title='bbox 842 4012 1059 4110; x_wconf 67' lang='lat' dir='ltr'><strong>enimcnriimpu.</strong></span> <span class='ocrx_word' id='word_1_416' title='bbox 1076 4052 1360 4102; x_wconf 67' lang='lat' dir='ltr'><strong>Tbuanletinstiiutlo-</strong></span> <span class='ocrx_word' id='word_1_417' title='bbox 1414 4033 1417 4040; x_wconf 46' lang='grc'><strong>’</strong></span> 
     </span>
     <span class='ocr_line' id='line_1_46' title="bbox 191 4109 1359 4166; baseline -0.008 -9"><span class='ocrx_word' id='word_1_418' title='bbox 191 4137 194 4142; x_wconf 79' lang='lat'><em>,</em></span> <span class='ocrx_word' id='word_1_419' title='bbox 231 4154 233 4158; x_wconf 90' lang='grc'>,</span> <span class='ocrx_word' id='word_1_420' title='bbox 266 4123 322 4156; x_wconf 86' lang='lat' dir='ltr'><strong>nem</strong></span> <span class='ocrx_word' id='word_1_421' title='bbox 334 4111 451 4166; x_wconf 87' lang='lat' dir='ltr'><strong>puerilem</strong></span> <span class='ocrx_word' id='word_1_422' title='bbox 471 4112 502 4155; x_wconf 83' lang='lat' dir='ltr'><strong>ad</strong></span> <span class='ocrx_word' id='word_1_423' title='bbox 516 4110 589 4155; x_wconf 89' lang='lat' dir='ltr'><strong>iillum</strong></span> <span class='ocrx_word' id='word_1_424' title='bbox 602 4109 692 4156; x_wconf 81' lang='lat' dir='ltr'><strong>fratris.</strong></span> <span class='ocrx_word' id='word_1_425' title='bbox 712 4111 813 4166; x_wconf 87' lang='lat' dir='ltr'><strong>Utrique</strong></span> <span class='ocrx_word' id='word_1_426' title='bbox 827 4116 899 4156; x_wconf 79' lang='lat' dir='ltr'><strong>ructas</strong></span> <span class='ocrx_word' id='word_1_427' title='bbox 910 4111 1005 4160; x_wconf 83' lang='lat' dir='ltr'><strong>anniutt</strong></span> <span class='ocrx_word' id='word_1_428' title='bbox 1017 4115 1075 4162; x_wconf 74' lang='lat' dir='ltr'><strong>ant</strong></span> <span class='ocrx_word' id='word_1_429' title='bbox 1090 4110 1270 4162; x_wconf 71' lang='lat' dir='ltr'><strong>commortuus.</strong></span> <span class='ocrx_word' id='word_1_430' title='bbox 1292 4114 1359 4160; x_wconf 74' lang='lat' dir='ltr'><strong>Teu.</strong></span> 
     </span>
     <span class='ocr_line' id='line_1_47' title="bbox 268 4166 1282 4225; baseline -0.002 -11"><span class='ocrx_word' id='word_1_431' title='bbox 268 4179 327 4215; x_wconf 75' lang='lat' dir='ltr'><strong>stas.</strong></span> <span class='ocrx_word' id='word_1_432' title='bbox 357 4191 385 4202; x_wconf 92' lang='lat'>-</span> <span class='ocrx_word' id='word_1_433' title='bbox 398 4169 452 4216; x_wconf 81' lang='lat' dir='ltr'><strong>vii.</strong></span> <span class='ocrx_word' id='word_1_434' title='bbox 468 4167 532 4215; x_wconf 72' lang='lat' dir='ltr'><strong>irrita</strong></span> <span class='ocrx_word' id='word_1_435' title='bbox 544 4177 600 4225; x_wconf 69' lang='lat' dir='ltr'><strong>pag.</strong></span> <span class='ocrx_word' id='word_1_436' title='bbox 615 4166 668 4214; x_wconf 76' lang='lat' dir='ltr'><strong>tait.</strong></span> <span class='ocrx_word' id='word_1_437' title='bbox 683 4167 737 4215; x_wconf 72' lang='lat' dir='ltr'><strong>adn.</strong></span> <span class='ocrx_word' id='word_1_438' title='bbox 752 4167 896 4214; x_wconf 77' lang='lat' dir='ltr'><strong>Ruhnkenii.</strong></span> <span class='ocrx_word' id='word_1_439' title='bbox 926 4173 985 4222; x_wconf 64' lang='lat' dir='ltr'><strong>Eu..</strong></span> <span class='ocrx_word' id='word_1_440' title='bbox 1017 4214 1020 4224; x_wconf 72' lang='grc'><strong>,</strong></span> <span class='ocrx_word' id='word_1_441' title='bbox 1064 4203 1067 4211; x_wconf 87' lang='grc'><strong>.</strong></span> <span class='ocrx_word' id='word_1_442' title='bbox 1279 4174 1282 4180; x_wconf 83' lang='grc'><strong>“</strong></span> 
     </span>
    </p>
   </div>
   <div class='ocr_carea' id='block_1_8' title="bbox 699 4319 1125 4342">
    <p class='ocr_par' dir='ltr' id='par_1_8' title="bbox 699 4317 1125 4342">
     <span class='ocr_line' id='line_1_48' title="bbox 699 4319 1125 4342; baseline -0.002 -2"><span class='ocrx_word' id='word_1_443' title='bbox 699 4319 953 4342; x_wconf 54' lang='lat' dir='ltr'><strong>mmm-..t</strong></span> <span class='ocrx_word' id='word_1_444' title='bbox 1109 4325 1125 4336; x_wconf 65' lang='grc' dir='ltr'><strong>ιι</strong></span> 
     </span>
    </p>
   </div>
   <div class='ocr_carea' id='block_1_9' title="bbox 0 0 1502 5074">
    <p class='ocr_par' dir='ltr' id='par_1_9' title="bbox 0 0 1502 5074">
     <span class='ocr_line' id='line_1_49' title="bbox 0 0 1502 5074; baseline 0 0"><span class='ocrx_word' id='word_1_445' title='bbox 0 0 1502 5074; x_wconf 95' lang='lat' dir='ltr'><strong> </strong></span> 
     </span>
    </p>
   </div>
  </div>
 </body>
</html>
