2960 5070
428 281 557 346 noun.
579 261 679 347 vnn.
701 275 834 342 xuvu.
1130 277 1204 348 aes

197 455 309 540 &odei
323 474 382 518 eno
402 417 557 534 unumque
575 449 617 510 od
634 433 744 508 etheum
764 445 1036 521 tamennon,

283 543 361 604 Unus
381 538 496 620 utrique
516 545 610 596 tomen
626 531 811 614 promittitur
830 528 993 589 moneo„

243 689 374 769 xuni.
417 682 485 763 An
514 693 787 760 chaumont
816 691 1079 773 nunquan.
1170 785 1174 793 Ι

84 863 157 894 Λ
195 793 354 920 Quidquid
376 856 478 918 egani,
500 831 620 906 Claudi,
644 851 696 894 seu
717 850 772 910 qno
793 849 838 890 me
859 840 974 904 vertere
995 839 1120 904 tentem,

279 925 337 986 Seu
360 921 448 993 nihil,
471 929 502 978 ut
523 919 622 988 soleo,
643 913 804 976 desidiosus
826 931 927 992 agam:
1031 964 1035 974 ,
1066 978 1069 986 ,

195 1007 273 1072 Anto
294 1005 392 1066 oculos
414 1016 462 1065 tua
484 1000 523 1062 mi
544 999 661 1063 assidue
681 998 851 1058 obversatur
871 995 985 1076 imago,

32 1115 36 1122 ·
138 1081 157 1138 ⁹¹
279 1091 399 1169 Unaque
420 1087 568 1148 tristitiem
590 1083 684 1164 gignit
706 1091 811 1156 etune
832 1080 918 1140 levat.

129 1175 300 1257 ¹tiAngor
320 1175 401 1235 enim·
417 1171 535 1242 infelix,
557 1167 632 1250 quod
653 1177 699 1239 te,
721 1183 776 1242 quo
798 1164 907 1244 sospite
928 1159 1021 1222 solum

280 1257 358 1320 Esse
378 1255 464 1318 velim
486 1273 606 1324 sospes.
631 1271 685 1318 quo
708 1247 847 1302 ¹1¹01‘1011le
868 1246 958 1313 mori,
1197 1297 1204 1310 ,

87 1363 94 1372 -
195 1345 281 1408 Nunc
303 1339 351 1400 ubi
375 1340 433 1395 ψ,
459 1323 526 1402 quid
547 1343 636 1402 agas,
660 1335 788 1384 veterum
810 1325 863 1383 tibi
885 1343 956 1385 cura
975 1321 1152 1401 medentum,

277 1425 326 1469 ren
348 1404 488 1478 nondum,
513 1407 640 1466 morbum
662 1418 782 1486 pectore
804 1405 963 1488 depuleritr

159 1486 163 1501 ⁸
193 1495 257 1562 Nee
276 1493 339 1552 scio
361 1510 414 1550 nec
435 1492 491 1550 iam
514 1492 592 1550 seire
613 1491 670 1550 nlla
691 1491 803 1552 rutiouc
824 1492 899 1572 potis
921 1509 1002 1557 suber

132 1593 175 1654 ῃ)
254 1591 257 1596 ·
276 1576 359 1650 Quae
381 1571 428 1633 nro
446 1591 495 1634 res
517 1594 626 1653 angore
646 1576 731 1634 unica
750 1594 841 1655 paene
862 1564 998 1634 necat*

196 1663 238 1728 At
259 1678 359 1721 rursus
379 1657 452 1732 nibil
473 1669 538 1731 ost,
556 1677 613 1738 quo
635 1677 680 1718 me
702 1659 766 1737 ipse
787 1657 842 1718 hoc
862 1667 991 1738 tempore
1014 1657 1110 1733 soler,

280 1739 420 1820 Quodque
441 1741 539 1801 oeulos
562 1743 640 1802 tristi
661 1751 775 1820 tergeat
794 1741 885 1803 imbre
907 1760 1030 1820 graves,

194 1828 239 1891 Te
259 1828 316 1886 nisi
336 1846 399 1885 cum
420 1845 494 1886 vana
516 1825 573 1888 sibi
597 1837 676 1888 men's
700 1825 754 1886 snb
775 1826 900 1904 imagine
923 1825 1023 1904 lingit,
1222 1849 1272 1902 σιω
1378 1889 1384 1906 ,

69 1965 71 1972 ,
195 1963 198 1972 r
281 1910 340 1970 Seu
361 1909 498 1987 vigilem,
521 1907 597 1970 dulei
620 1911 682 1971 sive
705 1929 810 1989 sopore
828 1927 955 1990 premar.
1050 1891 1057 1924 ¹

134 2001 176 2058 lb
199 1995 265 2056 Hoc
285 1992 354 2052 mihi
378 1994 535 2072 nepenthes
555 2013 638 2052 curas
660 1993 820 2055 dissolvere
841 1993 1001 2072 promptum
1021 1999 1085 2064 θεῖς

282 2075 422 2137 Luctibus
445 2075 517 2140 baec
537 2097 593 2136 nna
615 2087 661 2138 est
681 2088 747 2156 apta
768 2074 879 2136 medela
900 2078 985 2136 meis.

197 2163 304 2224 Tecum
326 2180 383 2239 ego
405 2179 479 2220 nunc
501 2159 603 2223 videor
621 2171 738 2220 teneros
762 2178 932 2240 percurrere
953 2177 1075 2230 nitesce,

282 2244 352 2304 Sive
375 2241 489 2303 Catulle
503 2255 595 2322 tuos,
618 2245 681 2307 sive
701 2244 816 2307 Tibulle
838 2247 924 2304 tues:

197 2325 282 2390 Nunc
303 2327 389 2386 etiarn
410 2347 505 2387 rerum
527 2347 645 2388 caussas
667 2339 779 2388 tentare
797 2329 938 2400 latentes,
1026 2387 1028 2392 .

134 2419 179 2474 20
280 2407 406 2470 Discere
428 2422 457 2471 et
478 2410 551 2471 unde
573 2413 661 2472 {luant
683 2414 797 2484 omnia,
819 2421 929 2494 quoque
951 2410 1051 2470 lluant.
1093 2451 1107 2474 2

196 2495 284 2557 Nunc
306 2494 394 2564 herba
415 2496 445 2556 in
466 2495 570 2569 viridi,
594 2491 669 2556 latae
690 2507 839 2577 porrectus
863 2494 900 2556 ad
921 2493 1049 2558 umbrant

282 2575 407 2638 Arboris
430 2589 458 2638 et
480 2580 570 2640 rivum
585 2580 677 2646 >molle
697 2581 853 2660 strepentis
873 2597 976 2658 aquae,

198 2660 352 2740 Aurasque
374 2673 403 2726 ct
424 2661 520 2724 dulces
543 2664 635 2724 avium
659 2676 775 2744 captare
798 2683 933 2724 susurros

281 2745 395 2824 Perque
416 2747 495 2806 vices
517 2757 609 2810 tecum
631 2750 718 2808 multa
741 2751 839 2809 iocosa
861 2747 953 2826 loqui.
1016 2817 1019 2834 ι

79 2875 84 2885 ,
134 2837 177 2893 ss
199 2830 301 2892 Gratia
321 2827 396 2902 Dis,
420 2831 467 2910 qui
490 2841 611 2892 mentem
632 2832 738 2892 homini
759 2833 939 2910 celeremque
960 2824 1117 2900 dederunt,

282 2910 323 2972 Et
344 2915 459 2991 quaevis
482 2914 604 2980 habilem
625 2916 735 2994 lingere
757 2926 872 2996 spectra
893 2913 962 2974 sibi.

199 2997 254 3059 llla
275 3007 305 3055 et
322 2995 511 3077 plumipedcnn
533 3002 677 3079 superarit
695 2999 807 3060 Persea
826 3017 931 3070 cursu,

225 3122 228 3128 ›
280 3079 322 3140 Et
345 3081 467 3141 celerem
487 3083 584 3143 invicti
605 3081 835 3164 Bellerophontis
857 3101 969 3162 equum.
1030 3123 1032 3132 ·

198 3161 262 3226 Nec
284 3163 375 3237 mibi,
398 3167 532 3228 seculus
556 3187 651 3229 rerum
670 3179 772 3228 natura
792 3167 918 3232 creatrix
1023 3180 1026 3184 ’

134 3253 179 3327 51)
282 3246 458 3328 Expressam
480 3250 509 3309 in
531 3250 636 3312 talibus
659 3253 770 3324 cernit,
793 3253 875 3312 utin
897 3245 1032 3331 speculo,

198 3331 270 3393 Tam
292 3331 365 3391 hene
389 3343 418 3392 te
439 3332 524 3394 docto
543 3335 674 3396 Titianus
696 3335 800 3416 pollice
822 3337 936 3416 pingat,
963 3356 965 3364 ’
1101 3397 1108 3414 ‚
1141 3333 1143 3338 ’

283 3415 374 3490 Quam
396 3435 475 3477 mens
497 3429 526 3479 te
549 3415 672 3480 assidue
687 3421 806 3499 pingere
826 3429 936 3500 promta
957 3433 1021 3476 mea
1041 3423 1097 3477 est.

198 3494 295 3578 Atque
318 3501 423 3560 utinam
445 3501 500 3582 tibi
520 3503 559 3563 sit
579 3501 615 3563 de
635 3503 718 3564 nobis
740 3514 835 3566 mutue
855 3502 941 3564 curel

283 3582 347 3642 Noc
367 3585 433 3664 quin
457 3587 512 3658 sit,
535 3585 650 3658 dubit03
673 3585 724 3648 sed
745 3599 840 3648 minen
860 3605 927 3646 esse
946 3601 1061 3665 precer.

133 3670 178 3726 35
198 3663 266 3726 Nou
287 3685 343 3744 ego
365 3668 477 3748 vulgari
497 3681 544 3743 tc,
568 3669 689 3745 Claudi,
711 3672 868 3752 amplector
887 3687 1003 3740 amore,

281 3750 361 3830 (Hac
383 3751 446 3813 iace
468 3774 534 3814 rara
555 3751 637 3816 Deris
662 3765 781 3834 tangere
800 3754 887 3816 corda
908 3749 1024 3833 solete)

176 3829 269 3911 dle,
293 3853 338 3894 ine
359 3834 423 3914 ipse
444 3836 588 3911 odissem,
613 3839 669 3898 nisi
689 3849 721 3898 tu
741 3851 785 3900 me
810 3850 908 3918 gratus
928 3853 1060 3896 amarem
1160 3912 1163 3920 Ι

186 3947 189 3954 ·
281 3915 345 3978 Nee
366 3919 423 3980 nisi
444 3941 505 3994 me,
529 3923 658 4002 quoniam
680 3943 741 3982 suna
763 3925 816 3984 tibi
838 3941 941 3992 carus,
963 3937 1039 3980 anuo.

197 3995 331 4080 Denique
352 4022 415 4064 cum
435 4004 517 4066 lucro
538 4006 606 4068 nulli
630 4005 772 4068 credenda
795 4005 925 4078 locans,
949 4053 956 4069 .
985 4078 988 4083 Δ

132 4085 180 4144 bo
285 4083 358 4144 Pars
381 4098 473 4147 tamen
496 4090 546 4150 illu
566 4090 622 4150 naci
644 4091 760 4169 parvule
782 4091 886 4150 amoris
911 4087 978 4148 erit.
1051 4125 1055 4130 -

197 4163 239 4226 Di
261 4168 385 4242 iaciant,
409 4171 510 4251 longos
532 4172 689 4252 producere
709 4173 794 4234 detur
814 4171 843 4234 in
865 4192 954 4234 annos

281 4252 311 4311 A
332 4255 570 4338 pueriseoeptae
593 4256 693 4318 foedus
712 4258 872 4318 amicitiae!

2 4386 7 4404 ι
117 4358 392 4394 μιν-...Ἣ

170 4401 266 4448 xbt'ss.
281 4413 319 4451 vs.
334 4403 373 4451 tt.
402 4403 440 4454 ct.
454 4415 530 4465 supro
543 4407 616 4456 xbtl.
631 4417 670 4456 vs.
680 4408 705 4454 3.
733 4410 826 4456 Noenu.

448 4571 475 4606 ἱ
