2978 5068
271 309 336 386 m
687 304 801 370 ulum
826 305 947 370 1²th

272 477 457 562 perveniente
477 495 522 538 mo
546 473 668 555 destitit.
710 474 772 539 vn
795 496 815 538 a
835 495 882 538 me
900 451 1049 576 digiosem
1071 485 1151 550 erat,
1175 483 1257 548 cum,
1277 488 1310 536 nt
1333 477 1362 536 in

177 619 180 626 .
272 581 465 644 quemcunque
485 561 640 622 amicorum
664 559 821 635 inciderat,
846 572 972 642 spargit,
995 559 1144 621 mirificum
1166 566 1277 644 po'c'tam
1297 579 1365 621 esse

272 665 335 706 mcc
358 645 450 705 visam
465 665 483 706 a
498 664 531 719 se
546 643 721 724 tragoedia-
740 644 880 705 Graecam
893 663 995 717 meam,
1020 639 1177 721 δαιμόνιόν
1192 667 1223 708 τι
1238 647 1363 726 χρῆμα·

272 726 326 794 ced
344 747 390 788 me
406 749 462 790 non
478 738 589 788 tenere
599 727 755 807 quemlibet
767 727 804 788 ad
819 748 881 788 nea
895 728 1017 808 legenda
1033 727 1200 801 admittere,
1226 731 1311 801 Ιουίι,
1335 739 1367 790 ct
1387 724 1388 732 ’

272 814 320 874 ait.
337 809 538 892 Horatius,*)
567 813 688 872 curtius
709 811 760 870 iiia
783 831 910 873 seruare.
967 810 1074 872 Paucis
1097 824 1173 895 post·
1186 810 1303 884 diebus,
1333 821 1367 870 ut

272 895 393 976 quisque
413 895 567 954 amicorum
593 893 661 954 mihi
684 893 784 955 obvius
807 895 899 954 faetus
917 907 995 968 erat,
1018 897 1059 956 ita
1077 915 1176 957 omnes
1191 909 1291 968 orare,
1315 893 1367 954 oir-

273 993 408 1049 secrure,
434 978 593 1050 ,obtestare
614 977 656 1036 uti
681 975 738 1036 sint
760 978 861 1038 saltem
883 978 1081 1058 inspiciendae
1098 979 1265 1058 praeciarao
1286 979 1368 1038 iltius

273 1059 441 1140 tragoediae
463 1054 588 1120 facerem
612 1061 732 1140 copiam.
777 1057 849 1120 Cum
869 1081 941 1142 ego,
965 1061 1013 1141 qui
1038 1063 1087 1124 vix
1099 1063 1158 1122 'ianr
1173 1057 1287 1121 iliorum
1300 1081 1368 1122 ver·

272 1164 353 1204 anum
369 1144 569 1216 memineram,
592 1163 728 1222 negarem
743 1143 821 1204 iiiam
839 1163 960 1224 unquam
976 1166 994 1204 a
1011 1165 1057 1206 me
1070 1147 1205 1225 sumptam
1222 1163 1289 1214 esse
1306 1156 1368 1205 tra·

272 1226 405 1306 guadiam
430 1227 591 1305 Graecam,
614 1225 698 1306 idque
720 1228 805 1287 ctiam
824 1227 1009 1288 iureiurando
1027 1230 1240 1300 confirmarem-3
1262 1241 1369 1308 'neque

164 1345 169 1357 ·
272 1323 366 1370 tamen
386 1321 436 1369 aut
458 1308 512 1370 hoc
535 1309 709 1390 persuadere
729 1329 861 1390 possem,
883 1323 933 1370 aut
956 1312 992 1372 alr
1014 1313 1058 1372 eis
1082 1331 1277 1391 cognoscere,
1299 1313 1367 1392 quis

246 1421 249 1426 ·
272 1395 335 1454 eius
357 1392 470 1465 inluniae
490 1405 590 1453 auctor
607 1394 727 1464 fuisset:
752 1395 861 1454 exstitit
878 1393 990 1456 tandem
1009 1411 1098 1468 nnus,
1121 1397 1169 1474 qui
1189 1395 1296 1462 Titium
1313 1415 1368 1454 no·

271 1478 406 1560 minaret.
448 1473 557 1536 Audito
573 1477 695 1536 hominis
713 1478 845 1550 nomine,
869 1476 965 1539 statim
980 1480 1139 1558 suspicatus
1155 1499 1217 1538 sum
1231 1477 1272 1550 id,
1291 1477 1368 1559 quod

271 1575 320 1620 res
340 1571 414 1620 erat.
457 1559 558 1638 ltaque
579 1579 642 1619 cnm
662 1559 828 1639 quibusdam
849 1581 962 1633 corum,
986 1559 1023 1620 iis
1038 1563 1211 1660 praecipua,
1234 1580 1304 1642 qnos
1323 1563 1368 1624 vi-

272 1641 372 1704 debam
392 1643 534 1722 iniquiore
553 1643 649 1702 animo
668 1643 757 1715 ferre,
780 1643 855 1722 quod
872 1664 971 1724 parum
991 1664 1083 1704 amrcc
1101 1665 1189 1724 agere
1206 1665 1251 1705 me
1266 1638 1367 1705 'secum

271 1737 421 1806 putarent,
450 1745 501 1786 eos
521 1742 623 1786 versus
647 1724 856 1798 ostendissem,
882 1728 956 1799 ieci,
979 1738 1011 1787 ut
1031 1727 1181 1806 tragoedia
1200 1730 1229 1787 in
1251 1729 1366 1788 minium

201 1821 252 1872 niu
272 1819 445 1870 verteretur.
496 1808 592 1872 Video
614 1809 667 1869 tibi
693 1828 802 1888 quoque
825 1809 895 1869 iliud
914 1809 1119 1870 mendacioium
1134 1829 1293 1891 aspersum.
1305 1809 1365 1894 aa)

222 1935 226 1948 ι
272 1895 317 1954 Tu
344 1911 431 1964 vero,
461 1893 500 1952 mi
522 1892 670 1964 Gerardc,
700 1911 771 1952 cave
791 1892 941 1972 quidquam
965 1913 1092 1953 meorum
1114 1914 1181 1955 osse
1200 1895 1365 1968 arbitreris,

273 1975 347 2056 qnod
368 1995 428 2054 ogo,
442 1995 498 2034 uon
521 1985 614 2036 tecum
636 1976 825 2036 libentissime
842 1978 1062 2057 communicem.⁸
1101 1977 1212 2052 Quodsi
1230 1980 1302 2037 tanti
1319 1999 1369 2038 es·
1436 2006 1439 2008 ·

273 2080 354 2132 scm,
368 2133 371 2138 1
387 2070 419 2118 ut
441 2058 592 2138 quidquam
618 2059 675 2119 tale
700 2061 902 2138 scripsissem,
933 2081 989 2120 non
1018 2071 1048 2120 te
1079 2061 1162 2122 modo
1193 2061 1364 2135 auditorem,

207 2144 210 2154 ’
273 2144 460 2232 monitorem,
497 2161 645 2202 censorem
678 2141 873 2224 admitterem
909 2143 962 2206 scd
994 2144 1067 2204 aiios
1098 2145 1194 2224 operis
1221 2147 1367 2224 inspecto·

272 2247 321 2288 res
341 2246 423 2305 quam
442 2245 479 2306 po
514 2230 557 2286 em
578 2227 714 2306 plurimos
740 2246 935 2305 corrogarem.
987 2231 1087 2308 Neque
1112 2233 1185 2288 enim
1212 2231 1284 2290 mr'lre'
1301 2249 1367 2289 cor-

272 2329 328 2372 neo
337 2311 422 2390 fibro
441 2241 585 2388 efren)
627 2309 729 2388 Neque
747 2311 894 2389 quisquam
917 2333 954 2370 un
993 2331 1055 2382 am,
1078 2313 1125 2389 qui
1150 2312 1244 2372 bonos<
1264 2331 1367 2372 vorsus

246 2405 323 2452 .aut
344 2394 463 2453 iecisset
484 2396 534 2451 ant
555 2393 662 2452 fecisse
683 2413 721 2452 -sc
742 2403 872 2472 putaret,
895 2329 1022 2455 occidios
1047 2393 1112 2454 iilos
1135 2393 1242 2456 habere
1262 2397 1364 2457 voluit.

272 2475 339 2554 Ego
360 2475 397 2536 de
419 2487 467 2536 tua
488 2469 667 2548 valetudine,
693 2473 728 2538 de
749 2471 852 2536 studiis
869 2478 944 2550 tuis,
966 2475 1033 2556 quid
1047 2473 1076 2536 in
1092 2476 1148 2536 isto
1164 2480 1367 2545 amoenissimo

273 2577 392 2620 secessu
417 2553 516 2636 legas,
549 2549 616 2636 quid
638 2555 770 2632 scribas,
799 2564 974 2638 cognoscere
996 2556 1183 2640 discupio.†)
1236 2559 1313 2622 Vale
1337 2575 1368 2623 et

186 2657 188 2667 ·
272 2643 412 2702 alumnum
440 2652 534 2712 tuum,
564 2638 840 2721 praestantissimum
869 2643 1095 2714 adolescentem,
1125 2643 1281 2703 Ascanium
1308 2643 1369 2704 Co·

272 2726 411 2798 lumnam,
444 2717 554 2804 quando
584 2743 629 2784 me
650 2719 694 2796 ‚ai
723 2745 757 2784 eo
783 2725 873 2786 amori
893 2727 1017 2800 scribis,
1042 2745 1105 2786 mco
1125 2727 1239 2788 nomine
1258 2729 1363 2791 saluta.

182 2815 188 2834 ⁸
272 2807 394 2869 Rornae.
417 2803 501 2868 Prid.
524 2802 568 2870 id.
595 2805 881 2874 Sextii.M1)LXV.

1479 2747 1480 2774 i

1479 2777 1480 2804 i

273 3003 393 3053 quaerere
411 2997 581 3058 vermiculum,
604 3009 676 3058 onem
689 2999 780 3049 Midum
793 3003 894 3048 vocant:
921 3003 947 3047 et
960 2999 1002 3058 qni
1015 2995 1162 3060 invertisset,
1182 2998 1239 3046 inde
1253 3001 1367 3048 exultare

274 3059 299 3100 et
319 3056 386 3100 velut
405 3056 552 3110 tntumnnum
571 3064 659 3115 agere,
682 3059 752 3114 quast
765 3069 878 3112 magnum
893 3057 1006 3112 quiddam
1020 3062 1045 3106 et
1059 3053 1132 3102 velde
1146 3057 1278 3111 pretiosum
1292 3069 1366 3114 rene·

272 3111 354 3156 risere
390 3112 451 3159 cunt
470 3113 587 3160 eiusmodi
607 3115 738 3162 vermiculo
758 3115 839 3170 ionice
859 3118 884 3160 et
897 3117 1007 3161 modeste
1022 3125 1167 3168 componens
1181 3117 1290 3160 uiuretus
1305 3127 1366 3162 suos

273 3164 332 3212 flios
346 3161 496 3224 versiculos,
519 3175 545 3217 ut
560 3181 613 3217 eum
627 3171 709 3226 oneris
723 3167 778 3216 istis
794 3169 897 3230 unctum,
920 3169 1039 3226 significet
1052 3181 1100 3214 non
1115 3167 1175 3215 adeo
1193 3178 1273 3216 raram
1288 3170 1364 3226 illam,
1479 3181 1480 3236 ι

272 3234 346 3278 ouem
367 3224 445 3271 uinus
466 3229 575 3282 namnet,
597 3240 649 3274 rem
668 3229 792 3274 inventam
810 3227 900 3286 tuisse,
923 3230 982 3288 sed,
1002 3233 1030 3274 ut
1047 3227 1097 3275 aiio
1110 3227 1215 3283 quodam
1228 3231 1368 3284 nannieno
1479 3241 1480 3256 ι

274 3279 388 3342 dissintili
401 3284 642 3344 proverntootottur,
656 3287 783 3332 carbonem
795 3295 842 3340 nro
856 3286 975 3334 commeo.
1003 3288 1049 3335 Fu.
1271 3331 1273 3338 .
1302 3299 1305 3302 ·
1479 3257 1480 3338 i

1479 3689 1480 3722 ι

1479 3731 1480 3764 ι

1479 3831 1480 3856 i

329 3351 349 3394 a
418 3351 424 3366 ·
619 3379 621 3382 .

249 3411 256 3440 ⁸
329 3353 543 3486 {idfddesrtipdciiiz
557 3358 601 3477 ide
614 3360 687 3487 ῃῖιιιὶιιιι
701 3435 769 3488 mcum
782 3431 813 3476 ait
825 3429 935 3488 facetum,
951 3439 1019 3488 quent
1032 3431 1134 3486 ciendam,
1145 3437 1214 3486 quom
1226 3428 1365 3490 cratonum,

272 3485 322 3530 sive
340 3487 440 3541 noceor,
465 3498 522 3532 vere
543 3489 606 3543 quoa
623 3498 726 3534 narrare
744 3490 837 3545 norma,
865 3490 929 3543 enred
947 3491 1024 3533 tanen
1042 3490 1079 3546 est
1096 3489 1366 3536 rnreneootancettr
1436 3516 1438 3522 ,

196 3615 201 3622 ᾖ
274 3539 444 3653 ξιιῗίιῗιιιιῗξ,
461 3545 602 3602 cratonem)
623 3546 886 3634 odanco-uendere,
908 3546 958 3594 rice
976 3545 1059 3602 fluyua
1081 3543 1131 3628 cie.
1151 3545 1182 3588 de
1197 3545 1263 3590 orat.
1279 3547 1308 3590 11.
1323 3546 1364 3591 59.

270 3672 632 3783 Ᾰῶἓιῗιῖιὲορᾎκιιοω
645 3673 732 3722 neruo
746 3676 798 3722 sot.
811 3676 831 3720 1.
845 3645 885 3723 ιι.
899 3675 930 3722 ua
945 3673 1032 3732 omnes
1045 3673 1109 3722 emt
1122 3673 1196 3722 ettam
1209 3675 1325 3720 mannos
1339 3671 1366 3721 tn

330 3799 366 3863 †}
381 3801 418 3848 ci.
431 3803 488 3850 eun.
502 3813 557 3860 pag.
571 3805 601 3850 tt.
615 3803 670 3878 diu.
697 3805 747 3852 da.

1470 3611 1478 3644 i

695 4005 971 4036 *n-
