2960 5070
199 329 204 344 ,
268 271 338 342 eiu
686 259 799 326 nrum
825 261 946 326 omui

210 460 258 507 rte
395 433 478 498 Auro
498 427 641 514 pamulae
661 427 806 492 iterumue
828 439 929 492 contro
950 429 1062 492 ioreotr
1149 450 1152 458 ·

395 521 480 582 Nunc
500 517 572 578 haec
592 513 629 576 ed
647 511 803 574 *minuenda
823 514 897 574 moia
918 535 973 574 noo
994 515 1087 595 rengis
1107 517 1206 582 velent

307 644 310 669 r
353 613 373 668 ti
397 606 490 681 Quam
512 600 614 662 naenia
635 599 778 678 proetieee
797 597 834 658 od
855 596 1021 660 excitandos
1043 611 1182 664 mortuos.

397 689 458 750 Res
480 682 612 746 turbidae
634 683 803 754 consitium,
826 701 882 742 non
903 683 1000 744 fletum
1022 695 1169 764 expetunt.
1200 730 1204 738 .

667 797 670 808 ’
754 819 878 884 exn.

316 979 349 1022 ,Ι
395 906 447 1002 Ut
464 939 558 1000 imbre
580 938 684 1013 tellus,
707 939 751 1000 sie
774 937 895 1018 rigando
915 957 995 1000 mene
1016 891 1116 1002 moror

399 1027 441 1088 tlt
460 1025 511 1084 iiio
534 1023 653 1104 irogee,
677 1022 750 1083 hoec
774 1023 847 1084 hone
868 1023 991 1098 consiliu
1010 1023 1123 1085 efferat.

754 1161 902 1226 inil.

400 1248 566 1342 Gustnudo
583 1280 663 1353 vite,
685 1300 741 1340 non
763 1279 901 1354 fruentia,
926 1278 1034 1340 homini
1056 1277 1151 1341 rietur.

400 1367 492 1439 Nom,
514 1385 577 1426 com
600 1363 712 1424 iroeodi
734 1375 845 1445 tempos
867 1373 929 1437 est,
951 1375 1010 1425 tum
1031 1363 1157 1426 deserit:

331 1449 334 1471 '
399 1449 530 1510 Felicius
551 1449 669 1508 meritus
691 1462 727 1508 en
751 1449 866 1510 caelebs
888 1457 977 1528 eget3

404 1535 523 1594 Privato
545 1533 603 1593 vito
626 1533 702 1592 sitne
726 1551 816 1613 reguo
839 1531 972 1604 dulciore
1041 1567 1045 1576 ·

362 1625 381 1680 it
404 1618 453 1678 Au
473 1618 532 1678 vito
553 1616 635 1693 regio
658 1615 760 1676 solium
781 1617 903 1694 attinget
922 1615 1020 1686 lovis3
1046 1653 1057 1678 ι

398 1701 533 1779 ,Peregre
555 1699 659 1761 morari
682 1701 797 1762 suavius
819 1701 859 1758 sit
877 1719 913 1758 on
935 1697 1030 1769 ‹lomi3

404 1784 463 1859 Qui
485 1801 623 1863 quomque
644 1783 724 1843 multi
746 1794 776 1843 et
796 1801 851 1861 quo
872 1780 991 1862 parandi
1012 1799 1090 1840 more
1112 1780 1188 1856 sint,

405 1868 471 1943 Quo
492 1864 614 1927 hobeursr
635 1867 738 1940 amici,
762 1867 855 1926 nullos
874 1865 946 1926 hoec
969 1875 1051 1924 curet
1071 1881 1160 1943 puer:

405 1951 501 2014 Rarus
521 1949 710 2011 adolescente
733 1969 786 2010 nee
810 1969 898 2010 senex
918 1949 1009 2009 omnis
1031 1947 1118 2008 videt.

342 2037 383 2096 to
403 2034 444 2096 Et
464 2034 535 2095 hoec
556 2044 650 2094 tomen
670 2035 755 2095 vilaro
778 2054 867 2114 prope
887 2053 996 2096 omnem
1019 2032 1176 2091 continent.

406 2119 489 2194 Quae
511 2119 537 2177 si
557 2120 622 2196 quis
646 2118 706 2178 ocri
727 2137 796 2178 cura
818 2129 847 2178 et
868 2107 921 2176 u'su
942 2115 1065 2198 pervigil

313 2211 316 2219 '
404 2202 507 2280 Longo
528 2203 652 2275 notarit,
677 2201 789 2280 iamque
812 2222 908 2262 secum
929 2200 1080 2271 statuerit,

407 2285 484 2361 Quid
506 2285 624 2364 lugere,
648 2283 715 2364 quid
736 2296 918 2346 contemnere
938 2281 1053 2362 etquid
1074 2281 1207 2362 persequi

407 2366 550 2448 Expediet
572 2369 696 2439 homini3
720 2370 768 2428 vix
788 2388 848 2433 eom
872 2369 1005 2446 ingresso
1025 2366 1119 2438 viam,

345 2457 384 2511 itt
408 2453 500 2528 Quam
524 2453 646 2514 manuue
667 2472 748 2512 unum
772 2472 808 2512 ex
831 2453 960 2512 omnibus
984 2449 1165 2532 probaverit,

283 2601 367 2647 crinit,
384 2612 437 2656 ceo.
454 2603 492 2646 15.
507 2602 538 2646 ile
551 2603 619 2647 Poit.
634 2599 713 2645 Latin.
729 2602 754 2643 et
769 2599 866 2652 (irretit.
880 2597 945 2644 hiel.
960 2599 982 2644 8.
998 2599 1028 2642 le
1042 2599 1110 2644 Poct.
1121 2597 1183 2644 illst.
1197 2595 1214 2644 i
1229 2598 1286 2646 806.
1317 2599 1375 2646 hius

283 2661 364 2704 eutem
385 2671 432 2703 non
454 2659 501 2702 nisi
521 2657 658 2713 fragmento
676 2657 795 2712 quaedam
814 2657 846 2701 erl
866 2666 912 2724 nos
932 2666 1075 2710 pervenere.
1112 2657 1163 2699 llos
1183 2666 1242 2711 ergo
1256 2668 1314 2726 snos
1329 2668 1376 2703 sex
1464 2661 1465 2670 ²

283 2725 567 2827 liilhi‘lhlltl.
581 2713 1376 2836 hiliitiltrlilli„ltllriilhtllitl(tulisti

284 2829 334 2874 scio
354 2840 386 2874 on
406 2832 431 2875 et
451 2835 582 2882 sequentes
602 2827 706 2873 hohenhi
726 2827 800 2884 eine)
822 2829 931 2874 Troheeo
953 2830 1062 2872 muretus
1084 2823 1189 2880 refinxit,
1218 2831 1243 2871 ct
1264 2827 1290 2870 ih
1305 2838 1336 2873 eo
1349 2841 1375 2874 re

253 2879 257 2894 ¹
285 2886 429 2940 quibusdem
443 2887 544 2931 eruditis
559 2885 679 2940 imposuit.
708 2885 777 2930 Unde
793 2887 817 2929 et
832 2884 855 2927 ih
870 2884 962 2929 Lexico
977 2883 1143 2930 Buchheriono
1159 2893 1219 2925 voce
1234 2885 1346 2942 Procnen
1360 2885 1375 2932 i.

285 2944 355 2987 11²8.
385 2945 496 2988 'trabeae
511 2944 648 2996 adscriptos
662 2941 778 2995 reperies.
814 2943 863 2986 seh
877 2944 940 2986 hono
953 2939 1062 2984 ireurteur
1076 2942 1125 2984 los.
1140 2939 1249 2992 Scaliger
1262 2943 1324 2986 coeo
1336 2947 1377 2988 tu-

283 2997 313 3044 lit
328 2999 432 3055 indigno,
448 3004 474 3044 ut
488 3003 599 3045 aculeato
614 3000 741 3048 comodum
756 2998 858 3044 disticho
873 2998 1034 3044 ulciscendum
1049 2995 1178 3052 nutaverit,
1194 2997 1257 3050 quod
1272 2999 1297 3043 in
1311 2999 1377 3044 silve

242 3065 243 3070 ¹
284 3057 414 3102 carminum
418 3056 482 3158 aelus
497 3057 583 3112 legitur
598 3055 624 3102 lo
636 3058 758 3102 lluroctom
773 3055 804 3112 (i.
817 3067 838 3100 e.
851 3054 986 3110 Mureturu)
1001 3054 1041 3110 ord
1054 3063 1111 3160 suot
1123 3061 1207 3098 omnm
1218 3063 1265 3108 pro
1276 3057 1377 3112 entiores

348 3124 419 3159 oruer
445 3147 450 3157 .
1258 3119 1267 3140 ·

285 3123 347 3170 m
431 3169 495 3228 (Qut
507 3168 716 3224 myldootlomrnoe
729 3168 898 3224 eomerotssl.
912 3165 1042 3226 ocenum)
1056 3167 1111 3214 orto
1125 3165 1227 3214 helom
1252 3185 1262 3200 ·

513 3227 638 3280 umectus,
658 3224 737 3280 simios
754 3227 858 3271 emolere
870 3226 911 3270 ille
924 3225 986 3269 nuli.

188 3343 195 3356 ,
286 3297 322 3345 Gi.
342 3299 478 3355 Menuzien.
496 3301 564 3347 worn.
579 3300 608 3344 11:
629 3309 684 3353 nug.
699 3298 738 3362 qt.
760 3299 797 3344 eri.
819 3298 898 3344 Poris.
913 3307 936 3343 c.
953 3297 1021 3344 1695.
1036 3300 1061 3344 et
1075 3299 1142 3343 Pom.
1158 3297 1198 3344 lv.
1214 3307 1269 3353 neg.
1283 3298 1322 3347 etl.
1339 3302 1377 3348 erl.

284 3357 365 3406 Amst.
381 3366 403 3402 e.
420 3355 488 3401 ilie.
518 3355 578 3411 Ph.)
608 3357 736 3402 Caeterum
757 3357 841 3400 eodem
855 3355 907 3400 fere
921 3366 996 3400 sensu
1013 3354 1102 3410 mitur
1121 3355 1281 3409 fragmentum
1300 3360 1378 3412 ouori-

286 3414 341 3458 dnm
355 3411 503 3462 Philemonis
517 3411 603 3458 Graeci
615 3413 713 3468 Comici,
727 3412 806 3469 (couri
819 3413 952 3458 liertelium
964 3413 990 3456 ln
1003 3413 1130 3458 sententiis
1143 3413 1231 3458 Comie.
1243 3423 1298 3468 hag.
1309 3415 1377 3470 tle.)

286 3478 355 3524 ouius
373 3477 479 3526 initium:
507 3471 531 3522 ri
543 3467 576 3522 τὰ
588 3466 684 3540 δάκρυ’
693 3466 773 3540 ἡμῶν
786 3465 867 3540 (ἡμῖν
880 3470 946 3533 τῶν)
961 3471 1055 3522 κακῶν
1068 3459 1103 3536 ἦν
1116 3463 1277 3542 φάρμακον.
1307 3479 1377 3534 (viri.

287 3536 393 3583 hleioeit.
414 3545 469 3590 pag,
484 3537 553 3594 880.)
586 3541 740 3587 Poomhsros.
761 3561 790 3574 ·-
811 3541 858 3584 lac.
881 3539 1039 3594 rhomesios,
1063 3548 1116 3584 oum
1135 3537 1258 3592 ignoraret
1271 3549 1378 3593 sequeu-

288 3593 348 3642 tirrm
363 3603 476 3638 versuum
491 3595 560 3640 Attio
575 3599 600 3640 et
614 3595 724 3641 Trahere
739 3593 870 3641 oiiotorum
884 3595 999 3642 Aldinam
1014 3594 1142 3640 editionem
1157 3596 1215 3640 anni
1231 3596 1299 3640 illo.
1314 3606 1379 3650 quoe

289 3653 372 3695 exstat
385 3650 409 3693 in
424 3651 490 3694 celoe
503 3653 591 3696 hiureti
603 3654 737 3698 orationum
750 3653 844 3707 xxiii,
860 3654 956 3697 illorum
969 3653 1051 3696 sedem
1062 3651 1165 3698 mutavit
1179 3655 1204 3699 et
1213 3653 1378 3698 necessarium

289 3707 320 3752 lis
341 3709 372 3752 oh
387 3708 470 3752 eodem
486 3710 644 3762 praemissum
658 3711 773 3758 monitum
788 3710 883 3754 omnino
898 3709 1021 3763 neglectu
1043 3707 1066 3753 il
1082 3713 1165 3757 eutem
1178 3709 1316 3755 huiusmodi
1330 3713 1377 3769 est,

289 3763 345 3813 Alo.
362 3763 417 3808 odit.
433 3774 488 3817 neg.
502 3767 541 3812 te.
571 3767 656 3822 „Gom
671 3768 762 3812 veteris
778 3767 869 3814 Comici
884 3766 981 3820 Graeci,
997 3765 1145 3812 Philemonis
1159 3765 1264 3812 nohilem
1278 3771 1378 3812 senten-

290 3821 389 3880 ‚,tinm‚
411 3823 430 3865 e'
446 3822 576 3868 Plutarcho
598 3827 623 3870 et
636 3835 653 3870 e
667 3826 772 3869 stoheeo
787 3827 924 3879 acceptam,
941 3823 1015 3866 enimi
1030 3832 1118 3868 cnosso
1133 3823 1269 3877 exprimere
1283 3827 1378 3868 tentos-

289 3909 306 3936 „
315 3889 368 3922 som
388 3880 413 3922 et
432 3876 526 3924 nicenii
541 3891 630 3934 genere
645 3884 670 3928 et
684 3892 782 3926 numero
797 3885 907 3925 velerum
921 3881 1062 3928 Latinorum
1077 3880 1232 3936 Trngieorum
1246 3879 1376 3939 simillimo,

287 3933 404 3991 „olaruit
425 3933 498 3979 etiem
518 3937 638 3991 experiri,
659 3938 773 3993 numquid
797 3939 897 3982 centem
916 3937 1007 3982 comice
1021 3937 1145 3992 explicere
1160 3947 1265 3992 possem.
1293 3937 1378 3984 vinnm

288 4023 306 4051 „
315 3993 353 4036 ost
368 3997 493 4049 utrumque
507 4003 554 4036 hon
568 3993 696 4038 infeliciter
710 3996 866 4039 successisse.
889 3997 937 4040 Per
950 3995 1028 4039 ioonm
1040 3995 1112 4049 igitur
1123 3993 1244 4048 priorious
1256 3996 1376 4052 vemlhrrs,

288 4049 374 4108 „Arre
382 4079 389 4102 ,
409 4050 594 4107 posterioribus,
611 4054 717 4095 (trahone
730 4061 817 4096 nomen
831 4052 963 4106 suscripsi,
986 4055 1013 4098 ut
1026 4051 1151 4109 experirer
1164 4051 1267 4096 eliorum
1282 4052 1377 4108 tunicis,

287 4108 338 4162 „et
360 4105 483 4164 viderem,
506 4117 565 4170 num
583 4107 637 4162 quis
658 4109 683 4156 lu
705 4109 741 4152 els
755 4109 848 4154 inesset
863 4108 992 4156 vetustatis
1007 4119 1087 4164 senor.
1116 4110 1192 4152 Nemo
1206 4112 1317 4162 renerius
1332 4112 1377 4164 est,

287 4191 305 4221 ,‚
315 4160 356 4216 oni
376 4173 425 4209 noh
447 4173 478 4206 eo
492 4175 534 4215 oro
550 4163 675 4211 veteribus
690 4165 819 4219 acceperit.
854 4167 922 4212 Unus
937 4165 1010 4213 etiem
1024 4169 1049 4210 ot
1063 4163 1197 4210 eruditione
1211 4165 1308 4212 minimo
1323 4167 1379 4210 uul-

287 4217 366 4276 „geri
380 4222 404 4265 et
419 4217 505 4264 iudicio
521 4221 638 4267 acerrimo
654 4223 777 4275 praeditus
791 4227 902 4276 repertos
917 4227 963 4276 est,
979 4222 1020 4278 ool
1035 4231 1066 4268 ea
1079 4232 1096 4266 c
1109 4233 1148 4266 rue
1162 4226 1263 4274 arcente
1275 4233 1319 4276 oro
1333 4233 1380 4265 ve-

286 4275 403 4333 „terilus
418 4273 558 4330 publicaret.
593 4280 629 4323 Ne
644 4279 698 4333 quis
713 4278 786 4332 igitur
799 4279 902 4333 amplius
914 4279 1020 4336 falletur,
1037 4283 1062 4324 et
1072 4290 1123 4323 rem
1135 4281 1211 4323 totam
1221 4279 1381 4330 detegendum

298 4335 339 4382 ‚et
357 4332 466 4377 carmine
491 4333 546 4388 insa
566 4333 606 4380 hio
620 4335 769 4381 subiicienda
782 4335 867 4382 luxi.“
896 4335 1017 4388 Cuucoor.
1031 4360 1061 4374 -·
1089 4335 1125 4386 Gi.
1140 4333 1380 4386 munticulorum.
