2980 5074
188 823 238 873 070

672 307 927 375 IUVENILIUM

352 508 354 514 ’
426 478 468 542 Et
489 497 560 560 quos
581 477 678 558 rapaci
699 475 856 538 Rhodanus
880 475 955 537 unda
976 476 1129 551 verberat,

424 563 503 622 Galli
524 560 663 623 feroces?
684 581 702 620 o
724 572 828 620 statum
849 558 1054 634 deterrimum,

424 647 459 707 Si
480 642 592 706 Caesar
614 644 731 716 orbem,
756 642 911 704 Caesarem
936 643 1039 704 mulier
1059 647 1154 724 regit!
1187 713 1202 728 ⁸

345 735 407 792 505
429 726 601 791 Conscende
623 747 742 800 currus,
764 728 841 787 laeta
858 729 980 800 victrix,
1004 747 1119 801 aureos,

425 811 697 890 Gemmantibasque
718 809 883 890 pervehitur
904 811 1002 871 urbem
1023 812 1113 872 rotis:

424 895 528 956 Totius
550 894 628 955 orbis
651 895 714 954 sola
735 893 902 954 domitorem
923 892 1031 954 donnas.

423 978 549 1040 Veteres
570 977 728 1058 triumphos
751 977 846 1037 Roma
867 997 942 1038 nunc
963 977 1048 1036 sileat
1070 998 1155 1051 suos,

423 1059 466 1122 Et
488 1062 621 1120 militaris
641 1061 817 1120 conticescat
838 1061 950 1139 gloriae

341 1145 660 1213 5701nvictusnrmis
682 1142 795 1221 Caesar
815 1142 900 1203 bodie
921 1144 1056 1203 vincitur.
1213 1217 1215 1224 .

425 1226 521 1302 Quid,
546 1223 675 1298 Caesar,
698 1227 785 1286 animi
806 1227 934 1307 patribus
958 1225 1053 1288 eredis
1075 1227 1153 1300 iore,
1236 1244 1240 1248 ·

424 1311 459 1372 si
479 1322 509 1370 te
529 1309 645 1370 iubente
665 1321 836 1370 convocatos
860 1311 982 1370 iusseris

422 1391 517 1454 Abire
539 1414 631 1466 nunc,
653 1391 775 1466 redire,
790 1413 853 1453 cum
874 1391 1049 1474 Calpurniae

421 1476 549 1554 Meliora
569 1495 636 1537 sese
658 1476 819 1537 obiecerint
838 1476 1005 1537 insomnia?

342 1567 403 1624 575
425 1558 511 1622 Vade
532 1560 627 1640 potins
648 1569 832 1632 constanter,
855 1570 885 1620 ct
905 1580 1008 1620 nomen
1030 1581 1101 1640 cape

423 1643 545 1703 Parthis
565 1641 734 1701 timendum:
759 1653 827 1714 aut,
851 1642 906 1702 boc
927 1645 1019 1703 minus
1041 1646 1066 1703 si
1088 1654 1118 1702 te
1138 1646 1232 1714 iuvat,

423 1724 545 1785 Prodito
566 1725 686 1796 saltem,
709 1735 792 1803 atque
812 1727 876 1805 ipse
898 1737 995 1806 patres
1018 1729 1141 1787 mittito:

423 1807 473 1892 Ne
491 1809 602 1887 'negligi
626 1827 659 1868 se
679 1819 729 1867 aut
749 1807 872 1868 ludibrio
894 1809 994 1870 baberi
1013 1822 1121 1890 putent.

425 1888 545 1951 CAES.
570 1891 703 1951 lncertns
725 1893 811 1950 animi
834 1903 865 1952 et
885 1889 940 1952 buc
963 1903 993 1952 et
1013 1895 1081 1954 illuc
1101 1893 1275 1954 distrahor:

343 1982 405 2038 580
424 1974 528 2049 Qualis
548 1993 602 2055 per
620 1993 728 2052 aequor
748 1977 889 2034 concitum
911 1976 1115 2038 bacchantibus

423 2057 579 2137 Deprensa
599 2057 691 2118 ventis
713 2057 805 2119 fertur
826 2059 937 2118 incerto
958 2061 1030 2119 ratis

374 2143 376 2147 ’
422 2139 546 2219 Agitata
566 2160 663 2200 cursu.
708 2140 797 2200 Pellit
816 2142 897 2202 illinc
917 2139 1038 2204 Africus

372 2297 373 2304 ἵ
424 2222 538 2284 Creber
556 2223 712 2304 procellis,
733 2223 831 2284 Eurus
853 2225 936 2300 binc,
959 2227 1038 2288 illino
1059 2221 1164 2285 Notus.

424 2308 477 2368 Sic
498 2326 544 2366 me
565 2307 632 2366 binc
652 2316 729 2378 tuae,
752 2306 919 2388 Calpurnia,
942 2310 1089 2370 inllectuut
1111 2327 1225 2388 preces,
1247 2355 1252 2360 ,

343 2397 404 2456 505
427 2390 505 2450 llinc
526 2388 605 2449 dicta
624 2389 720 2449 Bruti.
752 2391 811 2453 Sed
831 2403 926 2452 minen
946 2392 1057 2470 quando
1077 2393 1166 2452 semel

424 2473 485 2535 Vel
505 2470 609 2534 cadere
630 2483 757 2553 praestat
778 2494 860 2552 quam
883 2485 960 2534 metu
979 2477 1065 2555 longo
1086 2477 1196 2555 premi:

423 2556 493 2616 Non
514 2556 540 2614 si
564 2557 840 2616 trecentis-vocibus
863 2569 957 2617 vatum
978 2579 1099 2630 avoces,

422 2639 491 2699 Nou
513 2638 540 2697 si
559 2639 622 2718 ipse
644 2657 715 2698 voce
734 2641 850 2719 propria
869 2659 1007 2721 praesens
1030 2640 1113 2702 Dens
1133 2678 1135 2688 ν

423 2721 546 2783 Maneat
566 2721 685 2801 pericli,
708 2733 792 2800 atque
813 2722 860 2784 bic
883 2724 1049 2785 manendum
1072 2723 1208 2798 suadeat,

427 2805 481 2865 Me
502 2804 664 2866 continebo.
708 2804 837 2878 Desine,
861 2826 954 2880 uxor,
978 2811 1126 2889 conqueri.

426 2885 557 2948 Eamusa
580 2888 673 2948 omnis
695 2889 771 2949 iacta
794 2891 876 2949 nobis
899 2891 962 2950 alea
982 2903 1038 2952 est.
1075 2905 1079 2923 ¹

424 2969 519 3032 CAL.
547 2968 648 3044 Abiit,
671 2991 735 3032 mea
755 2973 795 3032 nil
817 2973 892 3032 dieta
913 2977 1051 3036 moratus.

424 3052 482 3125 Di,
506 3052 553 3131 qui
573 3054 684 3114 Romae
700 3057 810 3134 ¹geritis
833 3075 947 3128 euram,

427 3135 493 3211 Quo
517 3157 567 3196 vos
589 3137 633 3202 fas
656 3148 701 3197 est
720 3158 830 3216 cunque
850 3142 947 3200 vocari
1005 3135 1010 3145 ‘

343 3226 405 3284 505
426 3218 571 3290 Nomine,
595 3220 621 3278 si
643 3241 693 3280 vos
715 3223 843 3281 manibus
862 3225 942 3302 puris

425 3302 584 3380 Menteque
601 3313 682 3362 casta
702 3323 817 3384 semper
838 3306 933 3378 colui,

301 3408 312 3424 -·
379 3427 381 3432 .
426 3387 548 3450 Servate
568 3405 632 3446 meo
653 3387 684 3446 in
706 3386 834 3450 Caesare
853 3387 986 3452 Romam.

613 3568 995 3634 CllssRUS.

428 3686 574 3782 Creditur
592 3721 694 3801 vulgus
717 3722 855 3782 muliebre
877 3743 1016 3802 uunquam

348 3818 350 3826 ’
426 3800 538 3864 Consili
560 3806 661 3864 micam
683 3805 752 3866 dare
774 3807 934 3886 profuturi,

142 3965 144 3972 J
208 3927 210 3930 -
306 3890 402 3946 ,400
423 3885 482 3948 Sed
503 3889 565 3967 rapi
587 3888 708 3960 affectu,
731 3889 899 3970 penitusque
919 3907 991 3949 sana

190 4309 239 4360 074

403 3990 404 4002 ’
510 3970 610 4030 Mente
632 3988 749 4032 carere:

431 4049 491 4112 Sed
510 4065 605 4117 tamen
625 4055 651 4112 si
671 4055 735 4134 quis
754 4055 844 4114 bouus
866 4055 1032 4116 aestimator

425 4134 500 4194 Rem
521 4147 601 4216 putet
621 4149 701 4197 recta
723 4140 835 4199 ratione
857 4148 962 4209 totam,

426 4216 516 4278 Dicet
538 4220 567 4278 iu
588 4221 684 4280 multis
707 4223 843 4282 micuisse
863 4241 993 4300 magnam

344 4305 407 4364 405
511 4301 636 4362 Consilii
656 4303 723 4364 vim.
1007 4361 1008 4365 ,

427 4383 503 4447 Ilien
524 4405 664 4467 uunquam
686 4385 840 4474 cepidisset
858 4385 948 4459 olim3
1098 4423 1101 4432 -
