2960 5070
679 251 794 318 Lllilll
815 255 935 320 Plilltll

471 425 540 508 lpse
559 433 606 488 est
624 415 905 486 unima‘Ponurox.

309 503 312 510 ⁴
386 512 507 576 uorax
525 510 616 569 tincta
636 509 712 568 sacri
735 508 851 568 flumine
872 509 1040 588 sanguinis,

342 648 346 664 ,
472 592 551 655 Olim
574 592 742 672 supplicium
766 592 915 670 mancipiis
939 611 1046 670 gram,
1106 641 1108 648 .

326 685 366 740 re
470 677 556 738 Nune
576 693 676 754 regum
696 675 783 754 capiti
803 676 986 756 praecipuum
1006 673 1114 749 decus,

471 761 517 822 Te
537 761 611 820 dexo
631 758 751 820 codmus
773 777 860 838 genu.
918 777 922 788 ·

386 844 516 927 Simplex
536 853 592 904 ete.

201 1051 249 1101 tte
360 1029 449 1094 xlx,
491 1025 538 1092 IN
557 1022 769 1089 numurus
789 1024 836 1087 IN
854 1022 986 1090 RAllssS
1006 1023 1258 1088 emmanuet.

364 1165 1099 1349 „Bruttium?etfftttluti‘tm

471 1363 635 1422 Palmurum
657 1359 790 1440 gravidos
813 1359 897 1419 obvia
918 1362 1067 1434 termites,

471 1445 590 1508 Faustis
610 1445 728 1504 vocibus
750 1443 867 1522 excipit.

345 1529 446 1592 ultio
468 1530 559 1589 laetas
581 1528 685 1608 spoliat
705 1523 853 1585 frondibus
876 1525 1015 1599 arborcs;

471 1613 530 1672 llic
544 1623 630 1672 ¹serta
652 1608 824 1688 antepedes
846 1610 935 1670 florea
957 1610 1090 1690 proiicit;

473 1695 601 1774 Supplex
622 1694 672 1752 ille
694 1712 792 1752 munus
813 1695 954 1772 porrigit3
976 1694 1024 1754 hie
1045 1693 1105 1768 suis

472 1780 594 1842 Terram
614 1777 742 1836 vestibus
763 1775 882 1853 obtegit.

386 1859 455 1924 Heu
475 1873 586 1923 mentes
609 1859 770 1921 homiuum!
796 1859 870 1935 Quis
892 1853 955 1920 lore
973 1857 1124 1930 erederet,
1220 1875 1223 1880 ·

326 1949 369 2008 10
472 1945 565 2020 Quem
588 1945 675 2004 tentis
696 1942 803 2004 studiis
827 1944 974 2022 exciperet
994 1945 1199 2022 frequens,·
1313 2014 1316 2026 Ι

471 2027 545 2090 Post
566 2047 672 2107 paucos
695 2039 726 2088 ut
748 2046 811 2086 eum
835 2027 918 2086 turba
939 2024 1038 2088 eedem
1061 2026 1138 2090 dics'

362 2127 365 2149 ⁴
474 2111 610 2184 Suffixum
631 2109 918 2191 adspiceret‘crnci‘l

386 2193 440 2256 Nil
461 2195 491 2255 in
511 2197 569 2256 vita
590 2195 696 2254 homini
719 2203 885 2272 perpetuum
906 2191 1000 2254 datur.
1069 2196 1071 2205 ⁴

471 2278 571 2338 Rebus
593 2295 629 2338 ue
650 2277 767 2338 nimium
790 2275 869 2336 fidite
890 2275 1049 2356 prosperis.

327 2367 368 2425 ru
471 2362 645 2439 Plerumque
665 2359 713 2420 hic
733 2360 868 2420 lacrumis
889 2359 995 2440 gaudia
1013 2370 1163 2442 temperat,

252 2517 255 2524 ¹
293 2517 294 2523 χ
473 2443 562 2506 Certo
584 2444 705 2504 consilio
726 2439 820 2505 Deus.

387 2527 518 2614 Simplex
540 2539 595 2590 ete.

529 2709 602 2774 XX.
647 2707 701 2770 ΙΝ
727 2705 816 2772 DIE
842 2705 1089 2772 PASGHAE.

386 2835 531 2932 Ponatur
551 2869 686 2928 lacrumis
707 2869 763 2928 ium
784 2867 903 2941 modum
928 2879 958 2928 ct
976 2870 1059 2928 novis

473 2953 655 3033 Templorum
677 2963 814 3012 resonent
833 2953 908 3012 atria
931 2953 1063 3014 canticis.

473 3037 507 3097 ln
529 3037 615 3096 vitem
638 3035 736 3096 reduci
757 3054 822 3094 nam
842 3033 968 3096 Domino
989 3055 1073 3100 secer

307 3169 310 3176 .
472 3119 573 3180 Poscit
592 3120 729 3180 laetitiam
751 3117 825 3178 dies.
1048 3115 1050 3120 ’

278 3261 279 3266 ,
348 3203 455 3265 utus
474 3212 540 3284 post
561 3201 672 3262 Christi
694 3203 800 3262 obitum
821 3203 909 3262 tertia
928 3212 1066 3275 venerat,
1098 3251 1101 3256 .

474 3284 547 3346 Cum
569 3305 635 3365 spes
658 3279 757 3346 sancta
777 3305 929 3366 moraeque
950 3286 1102 3366 impatiens
1123 3307 1205 3347 amor

473 3368 625 3430 Macrones
649 3369 733 3449 parili
756 3369 869 3429 nomine
890 3370 1002 3430 nobiles

326 3519 329 3526 ,
472 3452 633 3515 Viseudum
653 3450 689 3512 ad
710 3452 845 3512 tumulum
865 3463 959 3513 vocat.

388 3535 462 3600 Tum
486 3547 590 3597 motum
610 3535 750 3616 lapidem,
773 3545 830 3595 tum
852 3534 939 3616 lapidi
960 3533 1058 3596 vident

327 3623 370 3682 10
472 3620 603 3680 lnuixum
624 3621 716 3680 niveis
740 3619 865 3680 vestibus
886 3611 1050 3698 Angelums

474 3703 552 3776 Qui,
576 3721 631 3782 quo
653 3703 947 3764 sollicitis'exirneret
968 3714 1090 3776 metum,

474 3785 572 3846 Pauca
594 3798 624 3846 et
643 3799 720 3848 certa
741 3787 851 3845 locutus
875 3795 929 3846 est.

375 3867 456 3929 ¹Non
480 3869 535 3929 hoc
556 3870 675 3950 amplius
697 3879 758 3942 est,
782 3889 864 3948 quem
886 3869 1002 3952 petitis,
1027 3867 1108 3944 loco,
1165 3883 1166 3892 ¹

270 4013 273 4031 ‚
474 3952 509 4011 In
530 3953 615 4013 vitam
638 3951 724 4013 rediit
745 3951 877 4024 Christus
899 3950 934 4012 ab
958 3953 1071 4012 inferis.

244 4046 248 4060 '
331 4040 370 4096 lss
474 4035 539 4108 lte,
563 4047 592 4096 et
611 4035 758 4116 discipulis
781 4036 852 4098 haec
875 4035 973 4098 eadem
993 4035 1060 4097 date

341 4127 344 4133 '
473 4120 582 4181 Summi
602 4121 705 4181 nuncia
725 4117 833 4202 gaudii.

190 4244 195 4257 ·
251 4285 259 4294 ι
388 4202 517 4285 Simplex
538 4213 593 4266 ete.
