2980 5074
179 301 181 308 ι
222 273 305 352 133Ι
611 263 735 344 ,unffi
761 265 905 340 tram

224 437 442 515 Pandecta'rnm.
496 435 588 512 Quem
612 434 783 516 perpolitum
812 433 977 516 diligentius
995 435 1145 500 vetaltera
1166 444 1245 500 tnuto
1267 459 1318 500 an·

226 527 346 586 ctionem
377 521 430 582 tibi
457 516 549 579 denuo
574 539 730 599 apponunt
769 522 839 580 etsi·
853 543 907 583 non
930 541 997 584 ‚sum
1028 523 1161 594 nescius,
1196 525 1320 602 repetita

228 607 343 682 crambe
368 602 436 684 quid
460 599 560 663 andire
582 601 738 684 aniceti)
789 601 849 665 Sed
879 625 934 666 non
962 619 1078 688 possam
1106 607 1220 678 iacere}
1244 609 1319 685 :quin

230 687 426 772 tibimspiduc
451 683 557 764 aliquid
578 687 674 748 oneris
691 687 847 766 impunem.
899 687 1000 752 Ardea
1019 687 1181 749 incredibili
1200 689 1321 768 modam

231 772 386 855 eupiditate
406 771 472 830 libri
487 767 633 830 cuiusdam
647 781 786 830 asmatum
802 769 941 850 Cypriani
957 773 1064 844 lieris,
1087 773 1134 854 qui
1152 785 1253 850 quotus
1269 775 1320 845 sit,

231 858 349 928 neseio,
381 852 433 916 sed
458 871 494 912 ea
522 853 606 930 signa
628 853 694 912 huic
714 853 853 934 epistolae
873 855 1039 928 subiiciat,
1068 857 1220 934 exquibus
1235 857 1322 916 facile

231 938 299 1020 qnid
330 938 416 998 velim
442 935 564 1013 intelligi
584 937 687 1016 possit.
736 935 783 997 Ae
803 936 889 1010 vide,
919 933 1093 1018 quantopere
1115 949 1168 1020 tna¹
1185 939 1323 1000 facilitate

231 1025 345 1102 abutar.
386 1019 484 1082 Velim
507 1028 537 1078 to
559 1029 592 1078 et
611 1041 663 1099 per
682 1030 713 1079 te
734 1029 765 1078 et
782 1039 835 1098 per
849 1021 956 1083 amicos
972 1020 1188 1101 operanndare,
1213 1034 1245 1080 nt
1259 1043 1323 1084 enm

234 1106 363 1186 reperias
385 1100 466 1164 etad
483 1121 529 1162 me
547 1104 660 1175 mittas,
684 1103 835 1183 precibus,
859 1106 969 1182 pretio,
991 1119 1102 1184 qnoque
1119 1103 1212 1164 modo.
1256 1109 1325 1169 Meo

233 1191 309 1251 adil
321 1187 432 1268 raeesert,
454 1186 496 1244 ait
513 1183 681 1256 adolescens
695 1186 745 1246 ille
759 1186 963 1260 Terentianus,
975 1190 1049 1252 ‚dum
1058 1186 1234 1266 petriam)
1267 1190 1325 1249 Le-

233 1273 328 1334 vienla
355 1289 403 1330 res
422 1266 515 1329 videri
535 1280 647 1348 potest3
677 1266 728 1328 sed
750 1279 843 1328 tamen
864 1291 995 1350 magnum
1019 1269 1087 1330 mihi
1111 1291 1128 1330 a
1149 1280 1179 1331 te
1201 1273 1326 1334 officium

234 1355 370 1416 trihntnm
390 1351 512 1431 putabo,
536 1354 561 1410 si
582 1352 655 1417 hanc
675 1352 833 1424 molestiam
856 1373 920 1414 mea
938 1373 1041 1414 caussa
1061 1355 1208 1434 suscipere
1225 1377 1259 1416 ae
1277 1357 1327 1417 de-

235 1457 337 1499 verare
357 1455 414 1496 non
429 1433 613 1512 gravaberis.
656 1433 722 1494 Hoc
741 1436 831 1513 igitur
846 1437 885 1496 ita
900 1456 917 1496 a
932 1449 962 1498 te
975 1448 1051 1518 peto,
1075 1448 1106 1496 nt
1124 1438 1269 1500 ardentius
1291 1461 1326 1499 ac
1367 1433 1369 1436 ’

235 1522 343 1588 maiore
369 1516 463 1583 studio
481 1528 597 1597 petere,
621 1518 675 1577 lnoc
696 1517 807 1596 quidem
826 1529 971 1599 ternpore,
995 1522 1065 1580 nihil
1088 1523 1207 1601 possim.
1251 1523 1324 1600 Fer,

234 1615 342 1684 quaeso
354 1613 402 1673 te,
415 1599 483 1668 ''hoc
496 1599 760 1681 ineptumstudinm
774 1617 866 1661 meum
883 1613 912 1662 et
925 1605 1033 1677 amico,
1056 1607 1138 1684 quasi
1154 1608 1326 1684 aegrotanti,

236 1679 421 1765 obsequere!
455 1681 531 1745 Ama
550 1703 595 1744 me
617 1676 646 1745 et
665 1684 852 1747 valetudinem
873 1697 950 1747 tuam
967 1707 1046 1748 eura.
1094 1689 1215 1752 Romae.
1237 1691 1324 1754 XIV.

241 1769 308 1831 lini.
327 1769 382 1828 lul.
399 1763 626 1831 MDLXXXII.

177 1929 232 2000 ω’
432 1937 580 2005 XXXIV.
623 1937 818 2005 EIDEM
853 1940 1133 2007 stenaro,

434 2057 441 2068 ¹
733 2056 763 2112 S.
802 2057 839 2113 D.

173 2206 175 2220 ι
196 2201 200 2216 ·
237 2163 291 2250 Et
310 2197 414 2253 annua,
422 2173 502 2261 W)
524 2193 597 2258 qnae
617 2176 686 2238 milri
704 2176 848 2244 voluntate
867 2191 1009 2258 praestes,
1032 2181 1129 2260 accepi
1145 2179 1278 2255 libenter,
1302 2195 1332 2244 et

139 2304 143 2316 ·
239 2264 387 2345 epistolam
407 2274 482 2332 tuam
501 2259 700 2323 libentissime.
739 2255 831 2335 Quam
851 2281 914 2324 cunt
931 2280 987 2322 nno
1003 2263 1100 2323 obtutu
1115 2276 1200 2324 totam
1215 2285 1332 2345 percur-

239 2351 360 2421 rissem,
383 2345 524 2427 principio
546 2346 663 2407 miratus
685 2361 764 2416 scm,
787 2345 859 2404 nihil
880 2347 909 2405 in
925 2366 960 2405 ea
978 2347 1087 2420 inesse,
1112 2347 1186 2428 quod
1202 2348 1243 2406 ad'
1256 2369 1331 2423 eam,

241 2453 323 2512 quarn
349 2429 385 2489 ad
404 2439 437 2488 te*
449 2427 577 2507 proxime
595 2429 785 2506 scripseram,
808 2430 975 2507 pertineret.
1019 2430 1127 2490 Postea
1146 2431 1334 2492 animadverti

244 2517 379 2596 scriptam
394 2523 461 2572 esse
476 2507 512 2569 dc
529 2528 627 2571 mense
642 2510 754 2589 Aprili,
778 2508 852 2589 qnod
865 2511 1080 2573 admirationem
1097 2513 1221 2575 sustulit.
1255 2515 1335 2590 Quid

243 2619 299 2678 ego
314 2616 389 2658 nnnc
403 2595 455 2654 tihi
472 2592 703 2672 gratiasagam‘l
724 2591 823 2672 Magis
840 2596 910 2658 mihi
927 2594 1091 2668 curandum,
1112 2598 1211 2678 uttilri
1226 2598 1334 2678 aliquid

243 2703 296 2764 pro
311 2683 369 2740 ista
385 2676 559 2746 liberalitate
578 2687 626 2736 tua
643 2695 790 2756 reponant
807 2675 882 2756 quod
896 2681 1010 2740 omnino
1025 2681 1137 2741 laniata.
1161 2675 1246 2740 Hono
1257 2685 1332 2742 enim
1417 2682 1425 2702 ¹

191 2780 199 2802 ³
243 2772 395 2835 aestatem,
409 2759 493 2820 simul
508 2770 591 2838 atque
604 2759 691 2820 otium
704 2760 808 2834 eripui
822 2761 875 2822 lnoc
888 2763 945 2824 iarn
962 2762 1070 2842 pridem
1087 2764 1207 2824 molesto
1223 2766 1336 2843 publice

244 2843 366 2908 docendi
385 2861 520 2916 munere,
541 2842 658 2904 decrevi
679 2842 755 2904 miltiv
768 2842 915 2906 vindicare
935 2857 966 2914 et
983 2848 1012 2906 in
1032 2849 1147 2926 seriptis
1167 2849 1334 2926 quibusdam

246 2931 318 2991 meis
338 2925 484 2989 edolandis
504 2943 682 3000 consumere,
703 2927 734 2984 in
758 2928 858 3006 quibus
879 2930 937 2990 crit
956 2929 1064 3008 aliquid
1083 2931 1138 2990 iam
1156 2929 1265 3009 pridem
1280 2933 1337 2999 Sa·

166 3016 167 3024 ’
246 3025 326 3078 erato
347 3023 497 3072 sacratum.
507 3009 547 3091 †)
595 3010 671 3069 Nam
692 3009 769 3090 quod
792 3021 822 3070 tn
850 3031 914 3072 mea
935 3013 1065 3086 extollis,
1090 3024 1138 3076 tua
1154 3014 1275 3076 abiicis=
1298 3033 1339 3076 nn

246 3098 356 3166 vivam,
388 3095 414 3154 si
435 3091 585 3172 quidquam
605 3112 623 3152 a
647 3111 692 3152 mc
717 3096 859 3173 praestari
876 3096 928 3155 tibi
950 3115 1038 3176 posse
1059 3096 1200 3169 arbitror,
1228 3099 1258 3158 in
1282 3098 1338 3159 hoc

247 3176 359 3258 quidem
381 3194 506 3254 genere,
521 3173 603 3254 qnod
625 3185 656 3234 tu
678 3177 791 3250 siesse
814 3179 938 3252 emeris,
960 3199 1016 3240 nen
1034 3180 1334 3242 nimis'cureemeris.

244 3261 308 3328 Sed
339 3257 448 3339 quande
476 3259 533 3338 ipsi
555 3278 600 3320 me
623 3258 697 3321 iuris
719 3261 849 3337 magistri
871 3259 998 3334 docent„
1021 3264 1091 3322 tanti
1115 3283 1182 3323 esse
1201 3265 1335 3344 quidque,

248 3345 345 3424 quanti
362 3339 446 3405 vendi
463 3353 572 3421 potest:
595 3351 650 3402 non
669 3344 725 3422 e'go
742 3341 854 3422 quidem
871 3356 900 3405 te
918 3345 1024 3416 fallam,
1046 3365 1137 3424 neque
1152 3349 1336 3421 committam,

249 3439 281 3486 ut
298 3447 333 3486 ex
351 3425 480 3486 aedilitio
494 3424 588 3500 edicto
605 3443 713 3504 meeum
727 3428 852 3505 experiri
870 3448 968 3507 queas.
1011 3427 1110 3490 Sedsi
1124 3440 1201 3491 tute
1215 3432 1278 3511 ipse
1293 3433 1340 3491 in·

184 3512 188 3528 '
250 3509 332 3581 dues,
352 3510 377 3569 si
397 3508 486 3588 pluris
507 3508 662 3572 lieitaberis
679 3529 759 3581 mea,
785 3529 866 3588 quarn
884 3531 938 3589 ego
953 3513 1015 3592 ipse
1035 3510 1224 3586 addicerema
1237 3531 1338 3575 errare

250 3605 280 3653 te
298 3593 408 3672 patiar,
431 3609 521 3672 neque
538 3611 590 3672 ern
611 3592 809 3678 tamtstultus,
831 3604 862 3654 nt
884 3596 1004 3675 pretium
1024 3595 1109 3656 rebus
1127 3596 1249 3677 ipsemet
1265 3600 1339 3658 tucis

251 3809 337 3856 ⁰¹⁰²¹⁰
351 3806 382 3851 ‘¹⁰
395 3807 443 3860 W·
458 3816 522 3854 ⁰⁰³⁵·
537 3808 600 3852 extr.
632 3807 691 3851 voro
705 3807 766 3850 ovem
778 3807 823 3852 mo
832 3807 1045 3857 nomentanum
1056 3809 1177 3862 moroan
1186 3811 1268 3854 moos
1277 3814 1342 3856 onim

250 3862 489 3976 {pompati
504 3863 666 3966 bugvntpgto.
680 3862 730 3968 vta.
744 3865 858 3910 senso,
871 3866 932 3912 ¹¹⁰¹·
948 3865 998 3911 ⁰¹⁰*
1013 3867 1081 3912 ffl-
1095 3869 1126 3912 Π·
1139 3869 1168 3914 1’·
1182 3869 1201 3912 ῑ
1216 3878 1273 3924 aas.
1284 3869 1341 3914 aaa.

308 4002 347 4059 a)
378 3993 430 4052 Ate
444 3987 553 4064 κράμβη
570 3990 700 4058 θάνατος·
728 4003 837 4050 luvenel.
851 4003 903 4046 sat.
917 4001 969 4048 vll.
984 4001 1038 4048 tet.

217 4075 220 4082 ⁴
302 4140 303 4152 ἵ
419 4076 542 4124 Ocotdtt
559 4079 658 4122 moeros
677 4077 800 4122 crambe
818 4077 1110 4136 repetttcntoplrtror.
1138 4078 1183 4126 Fa.

309 4147 621 4203 eanunnon.11.e.te.
649 4151 694 4194 lln.

240 4213 244 4228 '
296 4220 379 4276 quun)
389 4221 547 4276 mtotltgenua
561 4221 673 4266 videntur
686 4221 773 4281 metm,
781 4231 844 4276 quae
857 4224 973 4270 sturm
986 4220 1081 4271 mittere
1095 4203 1224 4279 quotannis
1237 4225 1342 4272 solebat.

147 4301 160 4334 τ
251 4275 288 4326 cl
303 4287 358 4332 aaz·
374 4279 402 4323 tt.
417 4279 472 4324 587.
486 4277 540 4323 579,
555 4277 609 4322 nto.
638 4281 683 4323 nn.

309 4347 345 4410 ἦ)
359 4347 465 4426 Pqerilis
478 4349 548 4396 luens
562 4349 587 4395 in
602 4345 692 4398 verbis.
707 4351 736 4399 1).
752 4352 781 4398 tt
797 4374 825 4388 ·-
854 4349 891 4400 Gi.
906 4351 961 4398 adn
976 4361 1031 4424 prm.¹
1046 4354 1076 4400 rt.
1091 4353 1146 4400 tte.
1175 4355 1219 4400 Fa
