2992 5066
500 295 630 372 exlex,
652 302 784 373 XXXV.

170 575 172 581 s
249 587 259 596 ,Δ
287 465 1044 598 xxxv.n1nn.umnnlnnr0.·j
1132 475 1134 480 ’

96 624 225 720 Nemini
243 669 294 719 aut
312 655 470 720 mirabilius
494 671 540 720 est
555 671 604 720 aut
621 659 769 720 molestius
790 679 872 741 quam
886 657 972 732 milri,
997 669 1052 718 tam
1068 657 1116 719 diu
1132 655 1189 719 dil·

92 743 169 802 'ierri
189 742 338 828 adventurn
357 741 392 802 ad
408 762 458 802 vos
476 739 579 804 meum.
605 741 681 804 ·Sed
700 743 799 802 n'esoio
819 737 873 824 qud
887 739 970 804 modo
988 753 1033 802 ter
1052 744 1108 802 iam
1121 763 1189 804 cou-
1269 741 1270 744 ’

96 826 184 905 tigit,
208 836 258 899 ut,
284 845 350 892 cum
365 827 394 886 in
412 827 486 888 viam
508 824 576 886 dare
596 827 778 899 mavellem,
801 828 912 905 iamque
936 827 1095 886 sarcinulas
1112 846 1188 885 com-

65 945 71 956 ·
94 929 249 991 ponerem,
274 909 367 970 subito
388 910 514 970 extiterit
528 908 633 990 ailquid
652 909 799 990 improvisi
816 905 900 989 atque
917 909 1054 988 inopinati
1071 906 1189 988 impedi·

92 993 198 1052 menti.
243 992 342 1072 ltaque
364 993 434 1052 nihil
456 995 574 1072 amplius
595 1012 629 1052 ea
652 991 687 1052 de
714 1013 745 1052 re
772 993 852 1053 vobis
877 993 966 1054 habeo
991 989 1189 1073 polliceri‚*)

95 1077 155 1136 nisi
181 1074 252 1134 illud
274 1081 353 1136 certe
374 1077 442 1135 milri
460 1077 552 1136 excuti
574 1074 746 1135 nullomodo
764 1086 877 1156 potest:
903 1073 1067 1137 veniendum
1080 1085 1187 1146 tamen,

96 1171 126 1219 et
139 1155 212 1241 quae
224 1159 348 1232 obstant,
372 1161 465 1218 omnia
480 1159 605 1239 qualibet
621 1161 731 1218 ratione
745 1169 906 1240 superatum
923 1161 971 1218 iri.
1017 1152 1075 1218 Sed
1088 1155 1190 1240 ἀργα-

96 1241 170 1304 λέον
193 1247 320 1325 πρᾶγμα
340 1241 434 1302 alieno
456 1243 575 1302 arbitrio
599 1243 712 1314 vivere3
738 1243 889 1323 praecipue
905 1243 928 1302 si
944 1243 1006 1322 quis
1021 1243 1048 1301 ei
1063 1243 1187 1314 serviat,

96 1325 147 1404 qui
166 1347 219 1406 pro
243 1345 295 1386 suo
312 1324 456 1386 commodo
472 1327 566 1387 omnia
584 1326 702 1384 aliorum
718 1323 895 1388 incommoda
918 1346 972 1384 nou
989 1325 1072 1383 nauci
1089 1325 1187 1386 iaciat.

95 1407 240 1488 Equidem
255 1409 381 1470 manibus
397 1407 593 1488 pedibusque,
616 1421 647 1468 ut
662 1406 778 1479 dicitur,
793 1410 894 1468 'omnia
908 1409 1026 1480 faciam,
1048 1417 1079 1466 ut
1094 1407 1190 1468 vobis·

97 1511 163 1551 cum
185 1513 241 1553 una
257 1513 323 1554 esse
343 1493 450 1572 posq'm
469 1504 534 1552 ante
557 1491 702 1550 Kalendas
719 1491 826 1550 Iulias:
851 1490 902 1552 sed
918 1493 943 1550 si
960 1489 990 1552 id
1005 1510 1061 1548 non
1074 1503 1186 1570 potero,

98 1587 180 1635 certe
194 1575 305 1656 quidem
320 1595 417 1636 mense
429 1573 608 1655 Septembri,
633 1577 658 1634 si
672 1575 783 1646 vivum,
807 1575 875 1634 istic
891 1593 951 1634 ero.
995 1573 1058 1636 Vos
1078 1575 1190 1634 interea

97 1679 156 1731 mc,
181 1669 212 1720 ut
230 1660 337 1730 facitist
360 1659 503 1730 amabitis,
528 1669 556 1717 et
574 1656 613 1724 *ad
629 1677 678 1734 me
693 1657 839 1730 scribetis,
862 1656 910 1717 ubi
928 1653 1101 1717 commodum
1120 1658 1185 1717 erit.
1244 1726 1248 1739 .

97 1741 167 1822 Ego
183 1762 234 1802 vos
250 1743 378 1803 vicissim
391 1743 502 1814 amabo,
517 1741 645 1801 devehis
662 1743 830 1819 saepissime
843 1752 872 1800 et
886 1739 1016 1822 cogitabo
1031 1750 1060 1816 et
1071 1741 1188 1820 loquar3

98 1827 125 1884 si
147 1825 213 1904 quid
235 1827 309 1898 crit,
339 1823 411 1904 quod
432 1836 527 1885 vestre
548 1843 650 1884 caussa
671 1825 782 1884 efficere
801 1817 932 1904 possim,
956 1821 1084 1883 studiose
1106 1834 1190 1902 atque
1247 1813 1250 1824 Δ

98 1910 192 1968 amice
205 1911 298 1968 omnia
310 1907 480 1988 procurabo.
506 1907 592 1970 Vale.
608 1907 730 1980 Romae,
743 1903 797 1966 lx.
810 1905 935 1969 Kalend.
949 1906 1012 1965 lun.
1023 1905 1186 1970 MDLXX.

96 1991 242 2051 Marcello
258 1993 378 2054 Vestrio
400 1992 432 2053 S.
456 1992 503 2070 qui
529 1992 613 2050 etiam
637 2010 700 2050 meo
721 1991 850 2062 uomina,
868 1991 930 2049 nisi
956 1989 1104 2048 molestum
1130 2000 1187 2062 est,

10 2105 11 2108 ¹
98 2075 218 2134 Paulum
240 2074 393 2135 Aemilium
412 2073 581 2134 Comensem
604 2073 747 2134 salutabit.
787 2067 925 2146 Vereor,
948 2069 1036 2142 uead
1052 2082 1080 2131 te
1097 2074 1198 2152 peria-v

99 2168 147 2218 tae
178 2180 234 2218 non
260 2160 318 2220 siut
336 2157 468 2232 litterae,
499 2177 567 2236 quas
587 2157 650 2238 ipso
674 2175 737 2217 meo
754 2155 843 2216 natali
867 2154 913 2216 die
938 2157 1119 2236 scripseram.
1131 2149 1189 2234 ill)

98 2241 188 2302 Nulla
204 2242 279 2302 enim
293 2243 322 2300 iu
337 2242 393 2300 tais
407 2260 503 2300 earum
516 2237 632 2300 mentio.

285 2405 433 2470 xxxvi.
477 2403 639 2496 ernau
664 2401 1037 2486 cauonuurm
1210 2411 1258 2460 m

97 2526 207 2618 Vaut
221 2556 402 2618 anatemati
416 2556 636 2617 suscensueris
650 2556 758 2616 vetra:
783 2556 830 2636 qu
850 2545 1190 2634 quadragesimarum
1253 2541 1256 2551 '

10 2639 12 2678 ‘
99 2641 442 2702 dielitterashucistiuo
460 2640 600 2701 adierant.
638 2636 716 2698 tien
733 2637 799 2697 mihi
816 2635 920 2696 accidit
936 2635 1010 2716 haud
1027 2636 1067 2694 ita
1082 2634 1191 2714 pridem

10 2727 11 2730 ’
97 2727 129 2786 ἱιι
152 2726 259 2785 litteris
276 2722 441 2805 quibusdem
461 2723 588 2784 Gisbcrti
610 2721 705 2795 Oddi,
730 2741 800 2800 quae
821 2730 889 2780 cuni*
908 2719 1083 2798 scriptaealr
1098 2736 1191 2780 eoas·
1225 2746 1229 2766 ι·

99 2821 164 2870 seut
180 2827 279 2868 mense
295 2807 470 2880 Novembri,
493 2807 619 2888 perlatae
635 2804 671 2864 ad
686 2825 730 2864 mc
746 2817 810 2864 suut
824 2805 939 2863 incunte
952 2803 1097 2862 laumello.
1132 2799 1192 2862 Sed

98 2891 155 2952 hoc
176 2903 272 2952 tanam
294 2889 457 2962 commode,
483 2887 555 2970 quod
574 2887 660 2948 hodie
682 2889 875 2967 potissimumr
902 2895 951 2956 ut,
975 2887 1022 2963 qui
1039 2883 1100 2944 dies
1113 2903 1191 2954 ⁴urum

98 2996 136 3038 ex
150 2975 287 3036 omuibus.
301 2993 409 3034 summa
418 2973 567 3034 hilaritate
581 2971 617 3032 ab
630 2971 759 3032 omnibuis
774 2968 1005 3039 madutl'solet,
1023 2987 1057 3026 eo
1074 2967 1191 3046 potissi·

97 3080 175 3119 mum
197 3058 339 3118 hilararer
359 3055 562 3120 iucundissimo
576 3075 707 3116 sermone
721 3054 879 3136 litterarum
893 3063 1002 3111 tuarum
1016 3060 1045 3110 et
1057 3049 1191 3114 recorda·

97 3145 178 3202 tione
203 3142 309 3201 amoris
329 3159 398 3218 erga
420 3159 466 3199 me
485 3141 545 3213 tui3
569 3138 707 3218 simulque
731 3137 861 3217 quoniam
881 3135 916 3194 ab
932 3133 1209 3212 interpellatdribu'e'

97 3227 182 3286 nihil*
195 3238 239 3286 est
260 3225 397 3304 periculi,
421 3221 510 3306 (tutis
524 3224 597 3283 enim
617 3233 646 3285 et
661 3221 829 3301 spectaculis
847 3233 945 3302 omnes
961 3217 1046 3295 hodie
1062 3215 1191 3276 detiitea·

98 3314 173 3390 tur,)
195 3309 278 3370 vacui
296 3308 431 3387 temporie
446 3303 481 3366 ad
495 3304 719 3385 respondendum
734 3297 839 3383 aliquid
858 3302 1006 3364 haberem,
1044 3300 1143 3378 igitur
1154 3297 1191 3358 de

97 3413 145 3453 me
158 3395 287 3472 meisque
302 3389 403 3450 studiis
419 3391 474 3450 iam
491 3408 632 3468 cognosse
645 3400 675 3448 te
689 3387 795 3467 aliquid
809 3398 876 3466 puto
890 3405 925 3445 ex
938 3386 976 3458 iis
986 3384 1105 3454 litteris,
1120 3401 1190 3462 quas
1268 3455 1269 3460 η
1349 3443 1353 3463 ,λ

98 3477 230 3557 proxime
247 3473 283 3534 ad
304 3473 466 3534 Gisbartum
487 3471 571 3532 dedir
598 3474 677 3547 satis,
688 3473 762 3547 euim
779 3471 839 3530 scio
854 3489 950 3529 earum
967 3479 995 3530 te
1012 3467 1108 3529 statim
1126 3485 1192 3544 par·
1317 3484 1319 3492 ’

99 3561 215 3640 tieipem
236 3559 352 3618 lactum.
396 3557 599 3618 Terentianum
607 3552 689 3638 aaa)
713 3553 794 3627 illud,
813 3556 897 3642 *sirit
912 3571 994 3648 opas,
1016 3551 1073 3612 ioci
1089 3567 1192 3610 caussa

156 3744 191 3801 a)
212 3745 294 3790 Habeo
318 3739 722 3798 praecessorumque,
752 3749 799 3794 quo
820 3739 853 3783 Μ.
874 3733 1045 3802 τυηίιιιτιῐρ
1064 3733 1191 3780 admodum

98 3813 159 3848 usus
181 3801 221 3846 eit.
256 3799 355 3854 regitur
375 3805 455 3844 temen
473 3798 601 3852 aliquoties
621 3797 694 3844 acteo
713 3797 792 3840 diem
811 3795 902 3850 [neque
917 3792 941 3836 id
956 3792 981 3836 tu
995 3793 1054 3836 sotis
1069 3792 1122 3836 aius
1137 3791 1191 3844 epl-
1295 3813 1297 3820 ›

98 3857 186 3914 mulie)
205 3859 231 3903 et
249 3857 322 3902 raom
340 3857 447 3911 polliceri
465 3857 483 3903 1.
498 3855 529 3904 ati
543 3857 610 3902 Fam.
625 3855 651 3910 5„
668 3856 692 3910 s„
708 3855 742 3898 aa
761 3853 862 3900 constat
876 3853 957 3894 autem
970 3847 1120 3902 piaue'idem
1135 3855 1191 3890 asse

100 3930 248 3973 Graecorum
269 3913 323 3982 ἔχω
338 3915 443 3980 εἰπεῖν,
463 3923 526 3978 quod
547 3925 581 3968 ab*
599 3926 677 3970 altero
697 3906 821 3982 δύναμαι
838 3909 927 3960 εἰπεῖν
948 3917 1066 3984 quomodo
1089 3915 1190 3969 fflerat,

99 3983 125 4027 ln
145 3984 226 4028 iudice
247 3981 277 4026 ad
292 3983 401 4034 xenone.
422 3981 487 4025 Hier.
510 3989 564 4034 pag.
581 3979 634 4026 1⁰1.
654 3979 766 4023 diximus.
796 3977 907 4022 ceterum
923 3973 944 4018 si
960 3971 1000 4026 qut
1015 3973 1112 4040 dicant,¹
1131 3971 1192 4014 tetta
1239 4017 1241 4024 ,

100 4040 175 4085 etiam
189 4040 220 4084 da
241 4037 318 4084 aiteio
333 4041 357 4082 et
369 4039 435 4092 quod
450 4037 501 4082 iteri
516 4039 637 4092 oporteat,
660 4036 724 4090 apud
737 4034 840 4087 optimos
856 4031 1128 4084 scalptores-usurpem,
1144 4027 1194 4072 tal-
1257 4082 1261 4096 k

99 4099 153 4142 lunt
165 4097 229 4142 altos
244 4099 268 4140 et
283 4095 330 4150 ipsi
344 4094 467 4138 falluntur.
483 4093 559 4150 (Vide
574 4094 716 4146 Heusinger.
730 4092 885 4136 edVeclmer.
894 4082 1045 4152 Hellenplex.
1057 4095 1112 4139 pag.
1121 4082 1192 4139 tro.)

99 4153 278 4199 Necessitatem
298 4152 377 4206 potius
398 4151 520 4195 Mceudran
538 4151 624 4204 taceo,
639 4149 829 4204 praemetuendum
843 4147 915 4204 acteo
931 4147 955 4187 et
969 4145 1061 4186 arnules
1076 4139 1194 4185 formulae

100 4209 250 4266 rignissent,
274 4209 361 4264 quitus
381 4208 445 4254 haud
459 4207 495 4256 tta
508 4216 564 4252 raro
579 4211 678 4254 utuntur
692 4205 734 4260 qul
747 4205 773 4249 ia
787 4201 876 4252 aetatis
890 4202 1023 4257 argenteae
1036 4197 1194 4255 scriptoribus

100 4271 263 4314 amoenantur.
292 4268 337 4311 Fu.
778 4269 780 4276 ’
810 4264 816 4302 ·,
836 4273 847 4302 ,’
883 4289 885 4299 .

160 4327 360 4386 saturitates.
389 4330 434 4374 Fa.
820 4359 824 4370 .
918 4333 920 4336 ·
973 4345 976 4352 .
1021 4331 1024 4338 '

161 4401 233 4460 aee)
248 4403 354 4450 sunum
369 4403 399 4450 11.
416 4401 437 4450 1.
454 4401 490 4450 rr.
506 4402 548 4448 uu
563 4400 585 4447 a.
601 4399 639 4448 aa.
667 4395 706 4451 ar.
720 4396 790 4456 earet.
804 4395 844 4444 er.
858 4361 916 4442 ’ra
945 4425 957 4435 ..
980 4359 982 4364 ’
1010 4411 1016 4438 n
1037 4428 1040 4438 .
