2960 5070
233 261 300 332 29⁶
403 223 406 236 ’
575 292 582 308 .
664 254 918 332 rnvnnmmu

317 427 385 490 Non
406 424 471 488 lane
490 423 618 506 Assyrio
637 425 728 485 ducto
746 436 777 486 et
798 435 925 486 saturata
943 445 1076 502 veneno,

400 509 468 583 Non
489 510 587 589 gravis
607 511 719 588 argenti
740 510 845 570 lamina
865 530 966 572 munus
987 512 1054 571 erit.

255 601 275 655 ὅ
316 593 402 658 Talia
422 615 479 654 non
499 593 614 672 capiunt
634 611 790 678 generosas
812 594 930 654 munera
950 605 1080 668 mentes,

400 678 486 740 Talia
503 677 681 756 'magnanimi
703 695 839 756 spernere
861 675 934 737 dona
955 679 1058 737 solent.

318 759 391 824 Cum
412 772 443 821 to
463 761 568 838 igitur,
590 779 672 838 quam
695 761 736 820 sis
758 761 874 820 excelse
895 771 1032 840 pectore,
1056 760 1168 832 norim,

399 843 468 905 Non
488 844 597 904 mittam
617 843 675 906 ism
696 842 749 902 tibi
770 841 863 904 donar
885 842 953 924 qnid
975 843 1067 923 ergo‘d
1081 843 1171 912 nihil.

176 1049 224 1142 ψ
354 1041 498 1124 cxvlu.
542 1039 608 1103 Au
636 1039 799 1104 IANUM
818 982 1211 1135 vultusuulhuumb

317 1161 457 1253 Divitias
478 1185 564 1252 hodie
584 1191 666 1271 plena
687 1188 855 1272 depromere
876 1191 1019 1264 abarca,

403 1275 625 1354 Theseumque
645 1293 723 1334 meos
745 1277 801 1334 iam
823 1293 955 1353 reserare
975 1275 1087 1354 placet,
1180 1266 1184 1288 ‘

318 1357 360 1421 Ut
379 1367 409 1420 te
429 1357 593 1418 muneribus
617 1355 737 1430 donem,
762 1358 800 1416 mi
822 1353 1087 1438 lanefiuperbis,

288 1475 290 1486 ·
402 1439 490 1514 Iane,
512 1444 643 1520 inquam,
667 1460 706 1500 ex
724 1443 818 1500 animo
840 1460 980 1520 nunquam
1000 1437 1139 1501 abolende
1161 1459 1235 1508 meo.

255 1530 276 1584 s
316 1522 402 1586 Dona
423 1545 493 1604 paro
514 1524 567 1584 tibi
587 1524 685 1596 ierne,
709 1525 831 1602 quibus,
855 1526 881 1584 si
902 1523 1000 1585 dicere
1020 1524 1064 1584 ias
1088 1534 1150 1596 est,

401 1605 547 1670 Attalicas
567 1617 687 1687 possunt
706 1607 747 1666 nil
770 1605 838 1668 dare
858 1609 948 1668 maius
970 1626 1059 1687 opusc
1115 1655 1116 1660 ,
1177 1663 1180 1668 .

316 1689 460 1764 Munera,
484 1690 640 1752 Persarum
661 1709 749 1768 gazas
771 1709 844 1769 quae
862 1691 981 1756 vincere
1003 1691 1131 1770 possintc

401 1773 545 1846 Munera,
567 1772 679 1834 Pactoli
701 1783 748 1836 est
766 1791 836 1853 prae
857 1773 958 1852 quibus
981 1772 1055 1836 unda
1076 1773 1159 1836 nihil.

318 1855 461 1934 Quidnam
483 1868 549 1936 post
568 1866 661 1918 tantos
684 1855 760 1916 ieret
780 1855 827 1918 bic
848 1859 1007 1938 promissor
1026 1857 1137 1930 hiatus,

256 1944 298 2002 ih
365 1983 367 1992 1
401 1940 460 2016 Qui
479 1960 534 2005 sua
550 1947 611 2000 tana
633 1939 709 2019 elata
731 1959 850 2000 munera
872 1961 943 2002 voce
964 1939 1063 2002 canit?

254 2052 257 2065 ·
318 2023 369 2086 sic
389 2033 502 2085 tecumr
528 2033 558 2084 et
578 2043 650 2103 quae
671 2023 730 2084 sint
751 2036 786 2083 ea
806 2022 918 2084 tandem
939 2021 1032 2098 dona,
1057 2023 1201 2102 requirisa

400 2106 490 2186 Atqui
512 2103 710 2178 iamdudum,
733 2125 806 2186 quae
827 2107 878 2166 tibi
900 2107 1015 2186 poscis,
1039 2106 1141 2168 habes.
1226 2164 1229 2167 ,

316 2188 398 2251 linit
424 2188 522 2263 dices,
546 2189 600 2250 hoc
621 2201 652 2249 tn
673 2189 761 2250 breve
781 2189 898 2252 cbarme
917 2201 948 2251 et
968 2189 1068 2250 inutile
1088 2191 1208 2253 frustum

399 2273 556 2334 Persarum
577 2274 658 2351 gazis
680 2273 888 2352 ampliusesse
908 2271 1015 2352 putas?

256 2359 295 2418 {s
316 2353 394 2431 Quid
417 2357 534 2416 facias?
555 2357 595 2416 nil
615 2355 766 2436 possideo,
791 2357 849 2418 nisi
871 2356 1016 2428 carmina,
1038 2351 1134 2416 lanei

401 2440 500 2515 Quare
519 2459 554 2500 ea
577 2439 727 2500 thesauros
749 2439 919 2519 divitiasque
942 2439 1024 2500 voco.
1047 2483 1049 2490 ·

315 2521 362 2584 Tu
385 2541 514 2604 quoque,
540 2523 565 2582 si
586 2533 688 2585 nature
707 2523 777 2586 mihi
799 2533 847 2584 tna
867 2523 981 2602 cognita
1002 2532 1082 2584 recte
1103 2533 1165 2599 est,

378 2603 538 2667 ‚Carmina
560 2603 669 2666 divitiis
691 2604 782 2686 pluris
806 2603 935 2668 habenda
954 2605 1072 2686 probas.

319 2741 436 2852 'erun
481 2785 717 2854 flumineum
736 2785 838 2850 nssn
860 2787 1012 2852 munus.
1028 2747 1228 2854 rannone

259 2905 262 2918 ·
632 2885 906 2951 uomendum.

316 2990 428 3102 lugere
448 3023 527 3102 ligna
546 3022 698 3083 inservis
722 3021 841 3100 frigoris
864 3041 966 3102 aspera
989 3023 1099 3084 saevit:

400 3104 459 3166 Eia
481 3104 641 3186 age,‘quid
662 3103 795 3165 dubitas?
817 3106 918 3182 ingero
939 3105 1018 3184 ligna
1038 3107 1114 3167 ioco.

222 3221 224 3228 ‚
316 3185 383 3248 Non
405 3186 505 3261 audis,
528 3201 630 3268 quanto
650 3188 762 3248 Boreas
782 3189 937 3250 becchet-ur
954 3189 1061 3251 ‘hiatui

333 3265 335 3274 ¹
400 3272 505 3332 Nonne
524 3271 637 3343 vides,¹
649 3272 736 3330 multa
758 3281 790 3330 ut
809 3272 866 3332 iam
887 3273 952 3332 nive
974 3283 1058 3333 canet
1076 3273 1201 3335 humus?

254 3359 274 3412 b
316 3353 453 3436 Aspicis,
479 3366 510 3414 ut
531 3366 645 3417 veteres
667 3354 817 3415 viduentur
839 3355 988 3416 frondibus
1010 3357 1096 3418 orni‘t

399 3436 525 3510 Cernis,
548 3439 720 3498 ut‘ami'ssas
742 3439 814 3498 silva
835 3449 971 3518 queratur
991 3441 1085 3520 opes?

315 3519 420 3581 Cernis
444 3533 550 3594 etqui·
563 3522 645 3601 pig'ro
667 3522 826 3582 lentescant
846 3541 987 3582 marmore
1009 3522 1087 3583 rivi?

398 3603 451 3666 Me
474 3605 585 3683 gelidus
607 3605 675 3674 totis
696 3605 812 3664 artubus
834 3605 937 3667 horror
954 3605 1051 3670 habet.

123 3763 130 3774 ι
316 3685 425 3759 Ferte,
448 3707 521 3767 age,
544 3689 620 3758 ferto
642 3688 704 3749 huc'
719 3684 803 3760 vina3
827 3707 917 3768 puer,
940 3689 1117 3770 cyathosque
1138 3707 1270 3771 capaces,
1317 3728 1319 3736 ‚

153 3787 154 3790 ’
253 3776 293 3832 ¹0
398 3770 477 3830 Ante
499 3772 591 3831 iocum
613 3772 920 3850 mensasexpiicuisse
940 3773 1029 3832 iuvat.
1117 3841 1119 3846 Ι

314 3852 375 3912 Iam
396 3855 474 3912 tristi
496 3855 605 3914 caelum
628 3865 672 3913 cst
690 3854 864 3926 sacia,ian1
884 3853 997 3914 nubibus
1019 3859 1071 3924 aiil·

280 3953 284 3963 “
400 3935 504 3995 Omnia
526 3938 714 4008 concutiens,
738 3957 790 3996 nos
811 3947 889 3996 vetat
908 3939 952 3998 ire
973 3939 1063 3998 iores.
1164 3977 1166 3982 ,

314 4015 396 4098 Ergo
419 4016 495 4080 domi
516 4020 642 4080 inclusos
664 4018 750 4098 genio
772 4017 921 4098 indulgere
941 4039 1062 4082 necesse
1084 4031 1145 4096 est,

227 4099 233 4108 “
396 4101 465 4162 Mos
486 4100 568 4164 datus
591 4123 610 4164 a
629 4103 734 4185 priscis
756 4113 789 4164 ut
807 4113 938 4163 teneatur
959 4105 1032 4165 avis.

287 4283 382 4332 cxvii.
396 4292 435 4332 us.
450 4284 473 4332 θ.
508 4282 546 4334 ci.
561 4285 659 4334 senten.
673 4282 706 4332 ad
719 4283 782 4333 xlv.
796 4283 821 4332 4.
849 4285 894 4334 rs.

324 4540 344 4582 bi
