2960 5070
472 211 602 310 ιοιιιι.
624 245 728 317 xvu.
751 190 897 314 uuum
953 201 955 204 ’

301 438 303 443 ’
342 413 462 476 Nostris
484 375 625 494 brincipio
645 412 789 479 nomem
810 401 929 482 initam

107 511 110 518 “
170 535 175 546 ·
234 521 250 558 ι
343 497 520 560 obscuravit
539 498 705 576 imaginem.

183 585 236 658 ,Β
260 579 294 644 Si
314 601 368 642 uos
388 602 441 662 pro
463 581 576 644 meritis
596 581 720 662 recipiat
738 579 839 654 Deus,
913 575 920 586 ⁸

316 663 479 740 Εηωηο
496 663 537 732 nil
560 665 666 737 fuerit,
689 683 744 745 quo
764 665 857 728 minue
877 665 1010 745 agmine.

341 747 376 808 ln
397 750 497 809 tristes
519 744 646 810 tenebris
668 750 818 834 perpetui&
835 747 937 814 donee

237 839 250 852 '
344 831 410 892 Uno
431 832 604 910 praecipites
628 841 707 910 agat.

260 909 319 976 Sed
339 933 454 995 semper
474 913 568 974 facilis
589 916 695 977 flenti
687 937 718 975 ιιι
740 933 791 975 eos
813 908 883 989 luit,

54 1016 61 1026 ·
188 999 237 1056 to
320 997 423 1074 Quos
445 999 549 1078 eulpae
564 1017 601 1062 ex
622 999 717 1058 animo
738 999 878 1078 poenituit
896 1019 976 1063 auae.
1085 1035 1123 1046 -·

328 1081 495 1161 Nunquam
517 1081 617 1142 borum
641 1075 775 1142 lacrumis
797 1093 827 1144 et
847 1085 956 1162 gemitu
978 1061 1045 1147 tullt
1123 1087 1125 1091 ’
1147 1131 1149 1136 .

258 1176 265 1182 ’
343 1165 385 1228 Se
407 1167 517 1226 frustm
537 1165 649 1232 veniam
691 1165 742 1228 eti.
972 1190 975 1194 ·

258 1245 324 1309 Hae
344 1267 415 1328 spe,
438 1268 521 1328 quam
544 1249 607 1330 ipse
629 1185 742 1320 dedu,
748 1247 893 1328 poscimus
912 1259 945 1310 ut
966 1251 1049 1337 gravi

343 1332 470 1392 Pressas
492 1343 630 1392 exoneret
650 1289 803 1412 pondere,
819 1352 891 1394 neve
914 1352 947 1398 se

192 1417 238 1474 tet
344 1414 379 1475 lu
402 1427 500 1495 nostro
522 1414 646 1497 rigidum
668 1415 787 1479 erimine
802 1404 952 1491 iudioem,

345 1492 405 1558 Sed
427 1499 524 1560 mitem
544 1489 678 1561 exhibeat
699 1508 819 1580 patrem

260 1579 389 1663 Simplex
409 1593 465 1646 ete.

383 1731 487 1796 xvu
531 1729 562 1792 Α
590 1707 677 1794 nlu
708 1729 950 1794 crunnum.

246 1831 376 1926 ΜιΙιίι
396 1859 479 1926 tensa
500 1865 592 1945 epulis
612 1865 727 1926 viscera
748 1863 812 1926 dum
831 1877 960 1940 tument,
1044 1887 1047 1892 ·

343 1949 431 2024 Mens
452 1969 593 2029 oppressa
612 1949 685 2008 nihil
705 1951 817 2027 cogitat
834 1949 1005 2025 arduum,

221 2055 228 2059 ·
344 2019 633 2092 eunominianis
656 2032 804 2092 luxurians
825 2035 891 2114 equi

336 2113 458 2194 Pugnat
479 2116 594 2195 spiritui
615 2117 696 2175 earo.

217 2197 321 2262 BSod
341 2199 493 2260 subtracto
508 2198 609 2258 eadem
629 2197 826 2278 comprimitur
845 2197 931 2271 oibo,
1006 2211 1007 2214 ¹
1086 2199 1089 2204 '
1204 2193 1209 2207 ·

257 2317 265 2342 ι
344 2281 386 2342 Et
406 2301 442 2342 so
461 2282 574 2362 spiritui
596 2281 768 2359 morigeram
791 2280 924 2342 exbibete

348 2365 491 2442 Quinum
514 2366 596 2425 nulla
609 2376 731 2444 gravant
748 2363 877 2446 pondera
899 2361 1045 2456 sordium,
1123 2374 1126 2381 ‘

98 2447 102 2456 ’
202 2449 255 2512 ’,
346 2449 381 2509 ln
404 2448 512 2510 eaelum
533 2449 612 2509 celer
633 2448 738 2508 evolat:

260 2529 376 2594 Primus
397 2552 536 2612 corporeo
558 2530 664 2610 legiler
683 2551 700 2590 a
721 2529 838 2591 elbo

197 2613 242 2674 1⁰
345 2615 399 2675 Bis
420 2615 504 2676 binos
526 2612 623 2674 decies
644 2613 784 2674 abstinuit
803 2610 887 2675 dies:

347 2699 440 2775 Quem
462 2699 597 2761 Christus
619 2717 766 2766 numerum
787 2717 839 2758 nos
862 2695 961 2800 itidem
984 2701 1066 2782 sequi
1120 2777 1121 2780 Ἴ

346 2782 487 2861 Exemplo
511 2780 609 2840 docuit
628 2801 693 2842 suo.

225 2881 235 2918 s
262 2863 322 2928 Sed
346 2866 455 2928 frustm
474 2865 571 2924 uetitis
593 2883 626 2923 os
647 2873 729 2924 tenet
749 2882 767 2923 a
788 2863 898 2938 oibis,'
921 2907 925 2912 .

348 2949 406 3024 Qui
427 2947 512 3008 fantis
534 2949 659 3008 auiumm
679 2947 839 3026 turpibus'
830 2948 970 3027 inquinat.

199 3035 241 3094 tt
346 3031 448 3092 Ieiuno
469 3030 604 3092 assiduae
626 3032 798 3091 oonvoniuut
819 3051 921 3111 preoos
1019 3085 1021 3096 ,

348 3113 476 3194 Cumque
499 3115 544 3176 his
566 3113 715 3174 mauilieao
736 3133 849 3176 monus.
926 3153 949 3160 -η

263 3196 391 3281 Simplex
413 3210 468 3260 ete.

276 3349 396 3412 xvru
440 3347 494 3412 ιιι
521 3345 776 3413 ιιοιιιιιιοι
804 3301 1098 3413 ιηιιιοιιιο.1

220 3471 435 3582 Aequneva
450 3483 579 3578 ingenito
600 3499 755 3579 progenies
777 3496 900 3570 Patri,

278 3608 280 3612 ’
348 3585 448 3646 Vitam
470 3594 561 3642 morte
582 3584 643 3642 suis
667 3580 802 3643 redderet
823 3593 854 3641 ut
876 3601 947 3654 sua,

351 3669 390 3728 So
411 3665 597 3728 Christus
569 3666 645 3726 mvol
666 3666 786 3728 velleris
808 3663 931 3728 hostiam

260 3781 263 3785 ·
349 3750 435 3812 Ultro
458 3749 598 3848 supplicio
618 3749 732 3809 obtulit.

225 3833 294 3898 80
316 3853 386 3914 erga
407 3835 565 3907 immeritos
586 3833 675 3893 mirus
697 3852 778 3892 amor
793 3827 870 3892 Dei!

221 3927 224 3933 '
268 3983 271 3990 ,
350 3917 475 3990 Natum,
498 3935 570 3997 quae
590 3917 703 3996 pietas,
727 3913 846 3976 tradidit
865 3916 997 3990 unicum,

351 4002 392 4062 llt
414 4023 465 4082 pro
487 3999 634 4060 mortifera
657 3999 757 4062 fraude
775 4002 935 4062 nocentium

350 4084 465 4144 Poenas
487 4085 641 4144 solveret
633 4103 781 4144 innocens.

246 4166 295 4229 0
316 4189 372 4228 non
396 4168 486 4252 visum
505 4167 580 4227 alias
601 4167 724 4227 sacrifici
746 4186 857 4246 genus,

209 4250 248 4312 ll)
351 4252 385 4311 Iu
407 4271 463 4332 quo
484 4261 602 4310 aeterna
623 4249 689 4309 Deo
713 4269 795 4309 sacra
817 4251 887 4308 facit
907 4245 1011 4322 Deus,

354 4333 394 4396 Et
416 4345 535 4444 mortem
556 4333 681 4396 moriens
703 4333 855 4416 opprimit,
879 4342 910 4392 et
929 4331 983 4392 sibi
