2980 5074
287 326 353 394 246
540 353 543 360 ¹
720 320 973 392 IUVENlLlUM

321 503 325 522 ¹
416 491 551 570 Avesque
571 500 689 570 pastae3
712 485 814 550 ductor
833 491 897 570 ipse
916 493 1090 565 exterritus,

416 575 534 654 Fugare
556 575 673 646 suetus,
696 573 791 652 fugit,
814 584 844 634 et
865 584 948 634 notos
969 587 1090 654 petens,
1150 625 1151 632 ,

223 671 272 721 eut
415 659 516 722 Sensit
537 675 652 716 manere
674 675 767 716 raram
788 657 818 716 in
839 659 982 716 aerumnis
1006 655 1100 718 iidem.

501 738 580 814 Quid
601 736 671 820 ergo
692 749 799 810 restat,
823 737 926 818 quidve
948 738 1062 818 dignum
1084 739 1212 806 Caesare

355 830 396 884 25
417 825 542 887 Snlraeta
560 822 643 883 tellus
662 821 801 884 exhibere
818 823 892 882 ultra
911 825 1031 904 potest‘l

418 908 535 969 Caelum
558 903 708 986 petendum
730 915 794 964 est:
819 916 899 966 terra
918 907 975 965 iam
997 907 1065 966 vilet
1088 909 1168 970 milri.

470 1053 473 1072 ι
502 991 641 1070 Supremo
659 987 789 1060 Rector,
813 989 861 1068 qui
881 989 1007 1050 verendo
1028 990 1165 1066 fulmine,

418 1073 532 1145 lratus,
555 1071 633 1132 orbis
655 1082 804 1150 utrumque
823 1081 969 1152 perterrcs
990 1073 1105 1152 polum,

421 1159 457 1218 Si
480 1176 564 1217 verus
586 1175 653 1216 esse
675 1157 793 1234 sanquis
814 1154 936 1218 Ascardi
958 1166 1053 1236 putor,

356 1245 396 1300 50
419 1240 599 1319 Generisque
621 1239 713 1298 nostri
734 1232 848 1318 tu'ipse'
871 1241 1003 1318 princeps
1027 1251 1127 1325 aqctor
1147 1261 1199 1302 es:

396 1324 514 1402 ·llegni
536 1342 581 1382 me
602 1323 631 1380 in
653 1322 775 1400 aliquam
797 1323 918 1402 recipito
937 1332 1048 1402 partem
1067 1323 1127 1398 tui,
1150 1319 1152 1330 '

418 1404 499 1467 Auos
521 1416 553 1466 ut
575 1406 652 1468 inter
671 1403 848 1486 splendidum
869 1404 949 1466 sidus
967 1421 1065 1477 meoS,

373 1523 376 1528 ·
417 1488 525 1550 Matris
546 1487 657 1549 Diones
675 1488 833 1568 proximam
855 1490 993 1568 aspiciam
1016 1490 1119 1550 laeena.

421 1574 482 1634 lam
510 1573 554 1633 vel
578 1572 647 1632 milri
667 1571 713 1631 vel
735 1573 846 1650 patriae
866 1573 930 1632 vixi·
950 1573 1039 1632 satis:

360 1659 400 1722 tt
422 1655 501 1730 Quid
521 1667 622 1715 teneor
644 1651 741 1716 ultra'l
762 1654 818 1716 ianr
840 1654 910 1715 milri
931 1667 1060 1716 exactum
1083 1669 1146 1731 est,
1168 1663 1231 1739 geri

420 1741 499 1818 Sego
520 1749 643 1816 togaque
663 1734 797 1817 quidquid
819 1738 951 1799 eximium
973 1745 1081 1819 potest:

421 1823 531 1883 Hostes
551 1821 710 1902 perempti,
734 1820 844 1880 civibus
866 1821 946 1900 leges
968 1820 1069 1895 datae,

420 1905 562 1984 Digestus
584 1923 693 1976 annus,
718 1902 846 1964 redditus
868 1906 960 1964 sacris
984 1907 1081 1978 nitor,
1134 1961 1138 1972 ,
1167 1964 1168 1968 ,

422 1987 594 2068 Compostus
617 1987 715 2048 orbis:
740 1988 861 2066 cogitari
883 2007 944 2047 nee·
959 2001 1065 2068 queunt

360 2076 402 2134 40
421 2072 537 2132 Maiora
560 2071 688 2151 cuiquam
709 2090 762 2130 nee
783 2072 893 2130 minora
913 2091 931 2131 a
953 2092 998 2132 me
1022 2074 1096 2152 geri.
1114 2127 1125 2152 ‚

505 2155 610 2218 Vivam
632 2153 766 2214 otiosus?
786 2164 817 2213 at
837 2153 867 2213 id
888 2154 1001 2234 quidem
1022 2157 1072 2216 vix
1091 2155 1189 2218 vivere
1211 2171 1276 2234 est,

421 2237 486 2298 Nec
508 2238 551 2298 sol
572 2239 695 2318 quietem
716 2257 769 2297 nee
790 2237 888 2298 honus*
902 2240 1033 2318 princeps
1056 2241 1141 2319 capit.

315 2369 316 2376 ,
424 2319 497 2381 Cum
519 2322 577 2382 vita
596 2332 691 2400 partes
713 2322 838 2380 muneris
860 2321 956 2380 funeta
977 2332 1024 2382 est
1044 2324 1106 2394 sui,
1145 2361 1146 2370 κ

423 2403 507 2464 Mors
528 2423 650 2485 propera
670 2423 831 2482 uunquam,
856 2423 922 2463 scra
942 2425 1138 2486 nonnunquam
1160 2411 1250 2471 veuit.

361 2491 403 2550 tt
505 2487 582 2546 Mihi
603 2487 690 2546 multa
710 2497 790 2545 vates
810 2486 877 2545 'dira
896 2489 1063 2548 minitantur
1081 2489 1212 2569 quidem,

371 2589 373 2594 '
423 2568 623 2648 secedantque,
647 2571 747 2628 amieis
768 2579 800 2628 ut
820 2588 911 2629 meum
933 2572 1035 2650 stipem
1057 2573 1152 2633 latuse
1217 2587 1218 2598 ³

421 2653 464 2712 At
485 2653 559 2711 enim
580 2653 683 2712 timere
704 2649 841 2712 Caesaris
862 2673 1002 2732 nunquam
1023 2656 1089 2716 fuit.

421 2736 530 2814 lgnava
553 2755 631 2795 mcns
655 2735 796 2813 rebusque
817 2757 873 2796 non
895 2739 1024 2798 exercita

421 2819 566 2882 Versatur
587 2829 668 2884 atrae
690 2819 789 2878 mortis
812 2819 951 2878 incertum
973 2820 1065 2882 diem:

359 2902 401 2962 80
421 2903 587 2962 Generosus
609 2902 864 2981 animusffiquique
885 2921 919 2963 se
940 2905 1017 2964 nullo
1036 2903 1115 2966 videt

424 2986 542 3048 Scelere
563 2985 730 3066 impiatum,
754 3003 868 3066 semper
889 2998 935 3046 est
955 2988 1030 3048 liber
1050 2997 1136 3050 metu.

519 3133 1062 3246 *cuorus

464 3285 543 3376 Sors
565 3333 659 3375 rerum
680 3314 793 3378 domina
815 3320 940 3390 omnium

461 3399 529 3459 Nou
550 3417 667 3478 usquam
689 3401 785 3460 stabili
806 3401 863 3462 lixa
885 3414 981 3464 manet
1000 3402 1091 3486 pede,

460 3481 523 3552 Sed
543 3481 648 3542 vultum
669 3482 786 3563 assidue
805 3479 963 3560 innovans,

463 3566 644 3645 lacertisque
662 3578 759 3627 rotans
783 3571 877 3633 omnia
898 3569 1039 3643 flexibus,

463 3647 602 3709 Alternas
624 3651 717 3709 variat
735 3652 826 3712 vices.

464 3733 524 3792 Seu
547 3732 626 3791 mitis
647 3733 761 3807 larcat,
783 3735 845 3795 sive
866 3746 977 3816 premat
996 3753 1122 3812 nocens,

463 3815 560 3876 Vento
579 3814 711 3876 mobilior
730 3817 818 3877 volat.

462 3897 544 3958 Illam
566 3897 592 3957 si
613 3897 702 3958 nitida
723 3901 816 3961 frome
836 3899 986 3980 reliquerit

461 3979 581 4041 Abdens
604 3981 733 4061 lampada
753 3982 856 4043 Delius
866 4027 878 4058 ,

463 4062 542 4124 Idem
563 4065 773 4141 flammivomos·
787 4087 851 4127 curn
869 4065 1019 4131 moderans
1041 4087 1128 4150 equos

462 4145 573 4206 Mundo
596 4149 728 4210 restituet
751 4147 843 4222 diem,

464 4229 525 4291 Sub
544 4231 622 4290 vultu
643 4233 749 4311 poterit
767 4251 887 4294 eernere
907 4233 1023 4308 nubilo,

464 4313 556 4388 Quais
578 4327 818 4392 praesenserat,
841 4315 975 4377 abditam.

359 4397 420 4452 eu,
462 4388 529 4458 Nee
552 4397 643 4461 solum
665 4399 778 4480 exiguis
799 4399 885 4460 rebus
907 4400 1071 4465 inaestuans
