2980 5074
657 169 661 194 i

546 219 558 252 Ι

528 303 768 370 samaiim
951 285 953 291 ’
1133 289 1278 378 aia*

99 476 206 536 rrinum
229 477 259 535 in
279 475 335 534 doc
354 489 462 552 genere
487 473 601 548 tribrm,
623 478 887 549 communicassem,
908 495 966 537 nou
986 480 1028 538 εἰς
1050 481 1139 539 schem
1156 481 1203 540 ilii

99 561 244 619 calculum
260 577 342 617 suum
363 559 511 630 adterere,
539 577 636 618 ceram
656 562 742 620 cuam
767 569 901 628 auctores
920 562 1145 643 melisianus,
1167 573 1202 623 ut

99 643 213 701 edendo
227 660 325 700 eorum
338 643 438 700 cattam
453 643 551 719 abaco
562 652 651 720 parte
664 643 771 702 redemit
784 645 926 703 lamabant
940 648 1101 723 reperirer.
1140 650 1198 706 Aa·

99 733 203 785 tensus
229 743 311 795 sum,
342 732 379 783 at
402 727 478 803 quod
499 743 596 783 cerum
620 735 665 783 est
684 727 806 802 eugenue
817 723 942 805 fatear,
969 747 1025 787 uon
1048 729 1199 788 admodum
1241 747 1245 757 ‘
1337 717 1340 728 ¹
1382 713 1387 722 ¹

96 817 245 886 macuta.-
269 817 327 865 tum
342 807 419 884 quod
430 827 478 866 ree
489 827 545 866 acu
558 809 792 886 magrripcrt'culi
802 810 949 868 uelleretur
956 811 970 882 ,“
993 821 1052 870 lum
1064 811 1199 891 quodfu·
1228 835 1229 838 ¹

99 893 157 950 cite
175 889 346 970 confiderem
355 932 368 961 ,
390 881 464 969 sore
483 907 546 961 me,
566 892 597 950 si
610 909 686 962 aaa,
708 899 744 950 at
758 894 802 951 ait
816 894 974 963 Horatius,
986 890 1020 974 i)
1042 903 1199 974 eumenum

95 975 280 1053 pmiuoram,
303 981 337 1032 at
361 983 440 1032 certe
461 974 599 1033 attremit
623 993 712 1052 usque
731 976 883 1053 preerant..
917 976 1077 1034 Subsecrbis
1107 979 1200 1054 r'gi'tiu

98 1059 184 1116 torre
206 1055 323 1135 aliquod
341 1056 415 1115 mt'ir‘
434 1052 701 1134 temptamenti)
725 1077 744 1116 a
762 1059 963 1138 philosophiae
975 1069 1007 1118 ct
1020 1062 1093 1118 rame
1108 1061 1199 1121 ciuilis

94 1139 358 1218 praehendarius,
368 1135 447 1220 m)
475 1140 578 1218 quibat
592 1140 706 1199 mortue
719 1151 874 1219 occupatus
887 1143 1027 1202 drabueor
1033 1185 1046 1214 ‚
1075 1144 1115 1201 ad
1126 1146 1199 1203 haec

99 1223 292 1282 exscribendo
307 1231 339 1281 et
357 1223 386 1280 iu
408 1223 535 1282 ordimem
550 1233 692 1302 utcunque
709 1224 868 1300 redigenda
882 1226 987 1284 summ.-
1014 1244 1080 1284 uam
1093 1247 1198 1306 perpo-

100 1307 158 1364 lire
177 1314 210 1364 et
228 1307 329 1364 Itinere
354 1307 521 1378 accuratius
540 1325 631 1384 acque
651 1324 825 1385 magnopere
839 1309 946 1369 tr'bebat
959 1327 1051 1388 aeque
1064 1330 1121 1388 per
1134 1320 1206 1379 ebs,-

100 1407 176 1467 quae
193 1389 276 1448 modo
291 1387 372 1459 tici,
391 1390 591 1469 occupationes
607 1389 721 1450 beabat.
764 1391 836 1451 Feci
847 1401 942 1451 outone
949 1434 962 1464 ,
985 1393 1063 1472 quod
1076 1395 1198 1472 meapte·

157 1569 192 1625 a)
206 1570 284 1624 aptit
299 1571 328 1616 ll.
343 1571 366 1618 Ι.
381 1569 438 1618 204.
466 1573 512 1617 l'li.

157 1643 211 1699 uti)
225 1645 387 1700 {locatoque
401 1643 575 1690 deminutivum
588 1643 643 1698 lpse
656 1641 704 1689 sibi
717 1643 818 1690 luxiam
831 1644 942 1690 mmetui
956 1624 1061 1691 nitetur.
1090 1643 1128 1692 ct.
1143 1646 1199 1692 adn.

99 1710 158 1756 pag.
174 1703 206 1746 R.
219 1700 275 1746 diiii
290 1701 345 1746 iti.
359 1703 414 1748 tid.
429 1702 485 1747 aar.
498 1702 555 1748 atii.
570 1701 625 1748 itt.
653 1703 698 1746 tia,
1148 1711 1151 1718 ·

118 1809 124 1820 .
159 1771 230 1828 aaa]
252 1773 394 1820 Etiamnunc
407 1773 477 1820 multi
491 1785 524 1818 ex
545 1774 684 1820 doctoribus
704 1771 850 1820 academicis
869 1774 1040 1828 praelectiones
1053 1783 1110 1818 sese
1126 1785 1199 1830 qnam

100 1830 196 1874 seboim
210 1829 300 1874 babere
314 1833 426 1890 malunt„
450 1831 498 1876 Sed
512 1830 551 1875 liii
567 1831 731 1887 dictassem,
755 1839 819 1885 quae
833 1831 962 1874 verissime
976 1834 1049 1884 etune
1064 1831 1199 1884 elegantis·

99 1885 165 1932 sime
179 1885 277 1940 scripsit
290 1887 444 1932 alcmtadiiis
458 1887 483 1932 in
497 1889 625 1942 Deprecat.
640 1889 695 1934 Lat.
709 1888 786 1933 Acad.
801 1897 856 1941 pag.
869 1887 892 1932 6.
905 1898 956 1941 sco.
980 1887 1201 1943 „Quotiescumque

100 1943 210 1989 muneris
224 1943 286 1988 ratio
302 1943 337 1990 ita
351 1945 414 2002 tulit,
429 1947 457 1989 ut
471 1955 590 1992 novarum
604 1947 741 1989 scholarum
755 1943 881 2000 indicibus,
898 1944 940 1998 aui
955 1943 1058 1998 singulis
1073 1945 1201 1990 semestri-

99 2003 147 2046 bus
163 1999 307 2045 academicis
323 1999 473 2057 emittuntur,
489 2012 556 2045 more
570 2000 688 2046 maiorum
702 1999 968 2054 praefaremur:'toties
983 2000 1087 2044 animum
1102 1999 1201 2047 orentii

99 2059 168 2104 mala
181 2058 329 2102 consuetudo
343 2057 543 2115 Academiarum,
558 2067 622 2112 quaa
636 2069 666 2101 eo
681 2059 818 2102 scholarum
832 2056 918 2100 nuncio
934 2059 1046 2114 utuntur,
1062 2057 1131 2101 errius
1146 2055 1202 2112 ipsa

99 2113 170 2160 mous
190 2115 323 2170 erubeseat.
360 2114 423 2168 Quid
439 2113 522 2158 ‘eninri
550 2115 675 2160 meamus
691 2113 810 2169 indicunt,
832 2125 877 2167 per
896 2115 1015 2162 aestatem
1034 2115 1076 2156 vel
1097 2113 1201 2160 hiemem
1265 2145 1267 2149 ψ

98 2171 271 2216 instituendas.
298 2171 366 2224 Quod
379 2171 525 2216 vocabulum
539 2169 594 2214 sive
609 2171 639 2214 de
654 2169 685 2214 lis
699 2170 855 2226 intelligatur,
869 2169 910 2223 qni
925 2171 1021 2214 scholas
1034 2171 1124 2214 babent
1138 2171 1201 2226 (quo

100 2227 176 2272 modo
190 2225 292 2280 intelligi
306 2230 373 2271 certa
388 2230 484 2286 volunt,
507 2227 548 2281 nui
561 2227 746 2282 mododtcrum
759 2228 800 2271 vel
815 2227 977 2270 recitationum
983 2225 1016 2280 a]
1030 2227 1128 2270 nomina
1140 2228 1201 2271 sub·
1269 2265 1273 2270 .

100 2283 230 2340 alituum),
252 2294 297 2329 seu
311 2284 341 2328 de
355 2283 410 2340 uis,
430 2284 472 2338 qui
486 2285 589 2342 obeunt,
610 2294 658 2328 uon
672 2287 765 2328 mutum
779 2284 893 2328 abhorret
906 2283 937 2326 ab
953 2293 1000 2328 usu
1014 2286 1139 2336 vetermn,
1155 2284 1201 2328 aed

100 2339 177 2386 etiam
198 2339 298 2393 pessimi
319 2339 463 2385 vocabulum
483 2339 569 2385 ominis
590 2342 635 2389 ast.
669 2339 843 2385 tardissimum
863 2338 927 2382 enim
941 2342 1013 2394 atque
1027 2338 1201 2386 inertissimum

100 2398 199 2451 oportet
214 2406 270 2440 esse
284 2397 417 2452 doctorem,
438 2397 492 2455 qui,
514 2397 609 2452 quando
624 2398 687 2449 apud
704 2408 759 2452 eos,
781 2394 949 2452 quisnamne,
971 2405 1049 2448 pensa
1062 2395 1201 2442 academica

100 2455 132 2499 de
151 2451 244 2506 scripto
258 2453 354 2508 teperti,
377 2457 419 2498 vei
434 2466 467 2499 ex
481 2455 530 2498 aiio
544 2454 606 2499 libro
619 2454 763 2510 praetenera
775 2463 806 2498 ac
818 2453 938 2509 recitanti,
961 2461 1007 2496 sua
1022 2463 1049 2496 se
1065 2451 1142 2498 oficio
1157 2464 1200 2498 sa-

100 2507 224 2556 tisfecisse
239 2509 376 2556 arbitratur.
404 2513 457 2556 Nee
471 2511 521 2566 ille,
538 2510 634 2556 etiamsi
647 2512 771 2566 promum
785 2509 871 2554 librum
886 2506 927 2563 (ut
940 2507 1008 2561 ioqui
1021 2507 1093 2553 bodie
1108 2514 1190 2555 amant

101 2565 145 2622 qui
167 2575 253 2622 suum,
274 2569 320 2611 liae
340 2571 391 2624 est,
414 2568 575 2622 conscriptum
594 2576 611 2612 a
632 2577 674 2624 se,
695 2577 757 2622 non,
778 2578 822 2611 suo
837 2575 895 2610 aere
909 2565 1074 2618 redemptum,
1096 2544 1201 2620 intelligi

101 2621 205 2676 voluat)
226 2623 322 2670 etiamsi
341 2622 415 2676 igitur
435 2635 503 2669 auen
522 2625 610 2670 librum
629 2624 662 2668 ad
683 2624 870 2679 praelegendum
885 2622 1012 2678 adhibeat,
1034 2623 1146 2676 indignus
1161 2626 1201 2672 est

102 2681 150 2724 nae
164 2681 334 2734 medullinae,
349 2681 523 2740 amandandus,
540 2681 562 2726 si
576 2679 627 2726 deri
641 2681 727 2736 possit,
743 2681 775 2726 ad
790 2691 842 2733 eos,
857 2679 898 2735 qui
913 2679 943 2722 de
958 2681 1011 2724 art'e
1026 2681 1202 2734 typographica

101 2747 134 2780 rie
151 2733 225 2779 tando
240 2736 336 2791 quidem
350 2737 502 2784 audiverunt.
530 2738 668 2792 Antequam
682 2738 746 2781 enim
761 2747 802 2782 ars
816 2737 874 2792 iila,
896 2736 1032 2781 litterarum
1046 2747 1140 2781 summa
1154 2748 1201 2782 au-

101 2792 217 2838 xiliatrix
232 2797 256 2838 et
270 2797 388 2848 patrona,
403 2794 549 2849 exsisteret,
565 2805 730 2848 quaecumque
744 2795 786 2839 vla
800 2795 904 2850 quadm
919 2795 943 2837 et
958 2791 1052 2841 ratione
1066 2794 1150 2839 multia
1164 2793 1201 2839 si.

102 2852 156 2895 mul
170 2854 253 2896 essent
266 2850 399 2906 tradenda,
418 2861 520 2895 neeesse
536 2855 588 2896 erat
603 2851 711 2904 praelegi
726 2850 756 2894 de
770 2851 873 2907 scripto,
897 2852 970 2902 strue
984 2850 1045 2894 adeo
1060 2850 1199 2906 distantiis,

102 2907 145 2960 cui
162 2905 254 2950 discere
269 2910 395 2961 cuperent:
409 2910 437 2953 lit
452 2906 570 2952 eiusmodi
583 2907 728 2964 praelectio,
744 2911 863 2960 cumanus
878 2905 984 2958 cogitata
998 2906 1029 2950 ad
1044 2905 1201 2958 plurimorum

101 2963 217 3009 notitiam
236 2963 369 3022 proterret,
390 2974 440 3008 uon
460 2965 540 3008 solum
554 2973 641 3016 magno
655 2963 681 3008 iri
694 2963 786 3019 pretio,
807 2963 853 3008 sed
867 2961 940 3014 etiam
954 2962 1032 3006 instar
1046 2966 1113 3007 esset
1127 2966 1201 3016 typo-

101 3030 165 3065 rum.
199 3022 268 3065 Nune
287 3023 381 3078 autem,
400 3020 552 3066 nobilissima
575 3023 628 3065 arte
647 3020 760 3080 inventa,
783 3022 808 3064 et
827 3021 950 3064 crescente
971 3018 996 3062 in
1018 3018 1071 3062 dies
1084 3019 1201 3064 librorum

102 3074 172 3130 typis
186 3075 359 3130 impressorum
372 3088 486 3134 numero,
509 3077 614 3130 permira
627 3087 668 3120 res
683 3075 759 3134 toret,
775 3075 797 3120 si
812 3075 852 3132 qui
867 3076 946 3120 adbuc
959 3078 1003 3121 aut
1016 3075 1127 3120 doctores
1141 3085 1207 3131 acas
1285 3079 1288 3087 '

103 3133 192 3177 demici
205 3136 359 3191 crearentur,
382 3134 423 3188 cui
437 3137 514 3178 artem
528 3133 758 3190 illuminatricem,
774 3136 817 3177 aut
830 3132 906 3177 creati
920 3131 1018 3176 salamis
1032 3133 1156 3176 alerentur
1171 3142 1203 3177 ea

102 3189 199 3234 seriem
216 3191 247 3234 de
267 3200 370 3248 mussa,
390 3193 417 3234 ut
436 3190 562 3244 ignorandi
582 3193 660 3236 artem
679 3191 727 3236 soii
745 3191 787 3234 vel
806 3189 845 3236 ius
866 3191 908 3234 vei
923 3188 1062 3234 beneficium
1076 3190 1201 3234 baberent.

102 3249 180 3295 Immo
201 3257 276 3304 vero,
300 3247 363 3300 quod
384 3247 620 3293 sobieiermaeberrrs
638 3247 664 3292 iii
677 3245 754 3300 iibro,
775 3257 847 3300 quem
861 3245 892 3289 de
906 3245 1092 3290 Academiarum
1105 3245 1200 3290 ratione¹

103 3302 216 3356 scripsit,
237 3313 298 3348 vere
320 3303 424 3358 monuit,
443 3304 594 3348 commodius
608 3306 662 3348 erat
675 3304 707 3347 ad
721 3303 864 3347 discentium
879 3302 1095 3357 opportunitatem,
1117 3304 1143 3346 ct
1156 3311 1202 3345 ac-

103 3360 279 3404 commodatius
300 3360 331 3404 ad
352 3361 477 3405 doctorum
494 3361 597 3406 istorum
616 3359 771 3414 modestiam,
791 3359 881 3404 dictata
901 3358 946 3404 iila
965 3357 1070 3402 exscribi
1091 3356 1201 3412 formalia

103 3418 242 3462 litterarum
255 3417 452 3476 litlicrrapiiicis‚
474 3421 501 3462 ut
516 3417 579 3461 domi
592 3417 695 3471 possent
709 3416 788 3460 otiose
801 3417 833 3460 ab
847 3415 880 3460 iis
892 3407 954 3472 regi,
976 3415 1017 3469 qui
1032 3425 1094 3459 nuuc
1108 3415 1139 3460 ad
1154 3424 1201 3459 au·

105 3472 188 3517 dieudi
214 3473 352 3528 cbammque
371 3473 528 3527 consignandi
548 3475 656 3518 laborem
676 3474 702 3516 iii
721 3473 857 3518 acroateria
876 3473 1046 3516 convocantur.
1081 3471 1201 3526 Apertum

105 3532 145 3574 est
161 3527 245 3587 igitur,
260 3531 386 3574 lectiomon
400 3531 442 3576 vel
454 3531 639 3584 praelectionum
654 3531 774 3575 vocabula
787 3540 835 3576 nou
849 3529 936 3574 meiere
952 3529 976 3572 iri
990 3529 1116 3584 doctorm,
1131 3529 1199 3572 certa

104 3597 190 3632 eorum
205 3595 335 3639 personam
348 3598 395 3631 non
410 3587 510 3632 decere:
526 3586 673 3632 discentibus
687 3590 768 3632 autem
782 3589 857 3631 multo
871 3586 951 3630 iuinus
965 3583 1118 3630 conveniunt.
1138 3585 1203 3630 Nam

104 3642 162 3698 quis
175 3643 211 3688 ita
224 3643 328 3704 stolidus
341 3641 415 3688 luerit
428 3647 506 3700 pater,
522 3642 562 3698 qui
576 3643 646 3700 dlins,
661 3653 756 3688 summa
769 3653 823 3688 cum
837 3641 882 3688 dde
897 3644 922 3686 et
935 3651 994 3686 cara
1008 3641 1130 3697 educatos,
1145 3649 1201 3686 ma-

105 3709 203 3754 gnoque
224 3703 300 3753 saepe
314 3698 405 3744 viatico
421 3703 533 3758 ornatos,
556 3701 624 3746 lares
638 3709 668 3746 ac
681 3704 783 3754 penates
797 3700 880 3744 iubeat
894 3698 1034 3756 relinquere·
1045 3709 1075 3742 eo
1089 3697 1199 3754 coasilio,

104 3759 134 3802 ut
148 3757 214 3809 apud
228 3759 328 3801 exteros
341 3757 433 3811 tepor,
457 3768 520 3811 quae
533 3767 611 3811 parvo
626 3759 721 3812 empta,
736 3757 812 3802 multo
827 3755 961 3800 salubriore
976 3754 1053 3807 pretio
1069 3753 1142 3818 etiam
1156 3764 1201 3798 aas

105 3823 151 3868 per
164 3813 312 3867 provincias,
328 3821 391 3868 quaa
405 3814 497 3858 enormi
511 3813 617 3867 portorio
631 3815 721 3859 morari
736 3817 760 3858 et
774 3813 890 3867 impedire
903 3811 1068 3866 quodcumque
1082 3821 1201 3855 commer-

106 3868 172 3914 cium
190 3868 335 3915 litterarinm
354 3871 481 3927 satagunt,
502 3870 527 3914 tir
546 3870 650 3924 patriam
669 3870 810 3915 mittarituri
839 3869 888 3914 Sed
908 3879 957 3913 noir
976 3869 1043 3912 lubet
1056 3867 1096 3912 iiis
1111 3867 1201 3912 diutius

106 3926 244 3983 inhaerere,
259 3926 403 3980 praesertim
417 3938 489 3980 quum
503 3926 640 3972 idemtidem
654 3928 724 3971 nobis
738 3926 885 3971 redeundum
900 3925 933 3969 sit
948 3925 979 3968 ad
993 3925 1026 3980 id,
1044 3924 1109 3980 quod
1123 3923 1203 3978 primo

106 3982 271 4040 negavimus,
306 3983 457 4036 comprobari
488 3986 551 4028 lianc
577 3983 722 4029 latinitatem
745 3987 856 4027 veteram
880 3982 1025 4034 scriptorum
1051 3980 1201 4026 auctoritate.
1270 3987 1278 4019 i

107 4039 281 4096 Quamobrem,
296 4050 328 4084 ne
342 4043 385 4085 aut
398 4040 472 4084 nimia
486 4040 512 4084 iii
526 4040 609 4086 verbis
623 4039 744 4086 facilitate
754 4050 889 4095 peccemus,
904 4041 1078 4090 autperverso
1092 4038 1200 4080 voeabu-

107 4097 187 4140 icrum
201 4107 248 4141 risu
262 4096 381 4142 nobismet
395 4095 444 4150 ipsi
458 4095 570 4144 iniuriam
584 4097 714 4155 faciamus,
738 4096 818 4141 ammo
833 4098 940 4152 sumpto,
956 4093 981 4138 iii
995 4096 1119 4148 posterum
1132 4093 1202 4137 tebo-

107 4151 186 4204 larum
200 4152 271 4198 vobis
286 4151 377 4198 indices
393 4153 531 4212 oderemus,
548 4154 635 4210 cives,
650 4165 698 4198 nori
712 4149 867 4200 amomum
896 4153 950 4212 iii„

159 4272 181 4318 ‘i
205 4271 375 4314 ‚multationem
390 4277 414 4315 et
425 4275 518 4313 recitare
530 4283 577 4324 quo
594 4283 663 4314 sensu
673 4268 777 4313 dixerint
790 4275 891 4317 veteres,
904 4263 961 4310 satis
976 4271 1073 4321 constat,
1088 4263 1158 4308 etiam
1173 4280 1202 4308 ex

109 4319 216 4360 lunens.
237 4321 258 4359 l.
278 4323 301 4360 i.
336 4321 439 4361 caveant
459 4325 538 4360 tannen
558 4319 661 4367 tirones,
681 4332 711 4360 ne
731 4319 762 4360 ad
776 4317 869 4360 scholiis
884 4315 1031 4368 academicae
1044 4311 1203 4368 iffcrnritenm

108 4361 178 4420 verbi
199 4365 333 4420 notionem,
356 4377 416 4416 quae
435 4378 464 4407 ex
483 4375 546 4406 iesca
570 4371 606 4410 est
620 4363 647 4407 iit
664 4364 794 4410 uovimiiua
816 4367 901 4418 poetis
920 4359 986 4402 iiiios
1000 4365 1201 4413 interpretatione.

108 4409 187 4455 Vertit
201 4424 264 4456 euun
275 4415 411 4456 pomerum
427 4425 469 4454 aar
528 4414 563 4454 .‘⁸
946 4456 1018 4522 16*
