2918 5076
251 239 317 366 4'13
440 339 442 344 .
637 287 918 394 nocuerunt

253 472 398 536 cumton,
422 461 613 524 excutientem
630 457 698 521 ilios
715 459 889 533 thesouros,
910 455 1061 540 induigere
1080 457 1124 522 iiii
1141 477 1284 541 nunqnam
1299 459 1353 521 im·

133 559 137 567 '
221 588 224 598 ·
246 545 418 611 moderatae
431 542 579 626 cupiditsti
593 541 711 606 ndsidue
722 543 805 626 pinus
821 541 968 604 discendit
990 537 1198 620 nes'ciotamcn
1210 541 1372 624 quomodo·

257 641 289 694 et
304 632 397 712 ipsum
417 627 488 690 iilud
505 637 616 690 nestum
631 639 715 710 utque
732 627 895 689 horrificum
908 645 1035 688 murmur
1049 621 1189 692 terrorem
1202 625 1353 707 quemdum

257 715 361 776 incutit
382 712 499 784 unionis,
521 717 647 772 nec‘eos
668 723 744 771 totos
766 711 822 772 sibi
841 729 946 772 vacere
963 713 1088 792 petitum
1111 723 1141 771 et
1153 713 1217 792 ipse
1231 712 1353 790 frigoris

258 799 412 879 asperitas
429 792 569 868 subinde,
602 796 684 874 quusi
706 793 827 854 nunctis
844 793 1010 874 quibusdum
1034 795 1176 868 stimulis,
1206 793 1353 868 fodicsns,

153 875 157 882 “
259 893 309 943 eut
330 889 421 942 strete
443 889 577 958 repetere
596 889 647 939 ont
663 877 700 938 cd
723 878 818 938 iocum
841 877 974 938 adsidere
995 879 1158 960 compellite
1181 879 1355 958 omninoque

258 965 351 1026 hiems
370 975 402 1023 ut
416 981 518 1024 cursum
532 962 677 1022 dominnm
690 961 812 1034 fraenet,
826 972 858 1022 ut
872 961 1032 1022 animalium
1047 981 1169 1042 corpora
1184 959 1353 1040 distringit,

259 1050 302 1109 ita
320 1047 437 1130 ingenio
455 1065 565 1126 quoque
580 1055 697 1128 torpore
715 1044 834 1124 quodem
848 1045 960 1106 vincire
978 1058 1062 1126 etque
1076 1047 1198 1125 elligere
1210 1045 1356 1107 interdum

238 1137 242 1144 ‘
260 1133 346 1193 solet.
390 1127 515 1190 Accedit
532 1129 608 1201 huc,
629 1125 704 1210 quod
720 1147 840 1209 corporo
855 1139 954 1189 nostru
968 1129 1062 1190 hieme
1077 1129 1358 1209 potissimumfrigi-

179 1209 181 1217 ⁴
260 1213 304 1276 dis
325 1224 356 1276 et
369 1213 479 1274 crassis
496 1224 526 1272 et
540 1215 571 1272 in
586 1231 691 1274 morem
705 1213 791 1285 visci,
813 1212 900 1272 lentis
916 1231 951 1272 nc
963 1203 1112 1281 tenacibus
1127 1213 1294 1276 humoribus
1310 1231 1359 1274 re-

124 1373 126 1378 *
191 1307 241 1358 cot
261 1296 398 1360 dundent.
443 1293 558 1372 Quodsi
573 1297 623 1376 qui
643 1306 746 1356 nntnru
766 1297 809 1356 ito
824 1296 972 1376 temperati
994 1307 1077 1368 sunt,
1099 1295 1175 1356 turdi
1188 1295 1357 1377 plerumque

261 1392 291 1444 et
307 1381 426 1440 hebetes
445 1398 512 1440 esse
532 1388 760 1440 consueverunt:
784 1377 858 1458 quod
877 1379 1058 1458 significabat
1073 1379 1265 1453 Heracletus,
1291 1399 1358 1440 eum

262 1464 384 1544 diceret,
402 1463 507 1523 siccum
521 1464 642 1546 animum
657 1459 691 1522 ed
708 1463 877 1542 sapientium
891 1461 1062 1545 requisisti)
1083 1475 1163 1524 certe
1175 1483 1356 1543 consequens

256 1559 328 1621 cst,
352 1565 424 1626 quoe
441 1557 596 1626 tempestus
607 1545 679 1620 *enni
695 1545 768 1606 tales
792 1545 894 1619 edicit,
918 1565 953 1608 ec
966 1548 1076 1626 ingenii
1088 1565 1207 1622 acumen
1223 1544 1355 1620 obtundi,

259 1634 318 1694 vim
343 1640 528 1711 torpescere,
552 1629 729 1690 celeritatem
752 1627 906 1690 murdaci.
950 1630 1033 1690 Haec
1047 1631 1137 1710 igitur
1148 1641 1179 1704 et
1191 1631 1236 1690 his
1251 1629 1358 1692 adfinia

230 1784 235 1790 ,
261 1724 329 1778 sunt
350 1714 453 1774 hiemis
467 1711 673 1786 >incommode3
696 1713 742 1772 cui
765 1714 910 1774 contrario
923 1717 1019 1782 nestas
1035 1712 1196 1774 immodicis
1210 1713 1357 1774 coloribus

261 1809 428 1879 etcorporn
440 1806 471 1856 et
485 1796 595 1856 unimus
613 1796 701 1857 solvit
717 1793 855 1870 ne'iexet,
879 1794 1137 1881 somnolentesiffl)
1154 1816 1189 1858 nc
1204 1796 1357 1878 languidos

261 1881 364 1955 efficit3
385 1881 428 1942 itu
448 1889 481 1940 ut
495 1889 571 1940 totos
584 1879 727 1940 interdum
741 1878 804 1940 dies
818 1901 874 1940 non
887 1879 969 1940 modo
986 1881 1090 1941 nulium
1103 1882 1265 1960 graviorem
1276 1882 1359 1960 eogi-

201 1958 213 1974 ''
261 1965 397 2026 tutionem
415 1963 563 2042 suscipere
575 1965 730 2044 possimus,
744 1961 807 2037 sed,
822 1975 988 2046 quemqnam
1003 1961 1081 2024 nulio
1096 1965 1194 2026 debore
1207 1975 1359 2043 antegres-

242 2061 308 2122 'so,
331 2047 429 2120 fracti,
445 2045 566 2117 defessi,
578 2045 783 2128 deiotigatique
799 2048 953 2110 iaceamus.
997 2045 1142 2108 Autumno
1158 2049 1357 2128 cutem-vuigo

156 2147 160 2154 “
261 2131 410 2214 praeclare
431 2149 528 2190 secum
551 2131 599 2210 ogi
644 2131 832 2274 utenhmqui,
854 2133 921 2192 oiiis
941 2129 1070 2194 omnibns
1092 2132 1228 2219 omissis,
1252 2151 1358 2192 cocere

262 2215 377 2276 morbos
388 2226 421 2274 et
433 2225 539 2274 summ
554 2225 629 2300 tecto
675 2215 738 2275 vnio
789 2215 864 2274 inem
877 2217 953 2276 tucri
969 2225 1085 2294 queunt.
1128 2215 1245 2287 Atubi,
1264 2216 1359 2276 soluto

193 2349 199 2354 .
263 2299 366 2359 hiemis
390 2299 505 2376 rigore,
529 2300 610 2358 verni
629 2299 765 2378 temporis
786 2308 871 2378 tepor
890 2298 1016 2371 coelum,
1039 2304 1151 2372 t'enrcs,
1174 2300 1266 2358 mario
1289 2318 1360 2379 npe-

263 2383 340 2454 ruit,
362 2383 425 2442 dum
449 2381 480 2441 'ct
499 2381 662 2442 sereniores
687 2391 756 2442 eunt
772 2371 854 2454 dies,
877 2393 907 2443 et
926 2383 1166 2442 telinsmoctncno
1180 2402 1247 2444 rore
1261 2382 1360 2443 mode·

263 2467 357 2548 fcctu,
381 2465 474 2524 luxato
493 2465 576 2537 sinu,
601 2483 670 2546 opes
694 2483 761 2524 suns
781 2466 907 2546 explicet
925 2476 955 2524 et
974 2466 1055 2545 quasi
1076 2467 1184 2526 coelum
1204 2465 1298 2548 ipsum
1321 2463 1359 2526 ed

263 2559 407 2610 certamen
424 2545 641 2628 pulchritudinis
656 2567 826 2630 provocans,
848 2562 880 2609 ut
896 2544 966 2608 iilud
982 2549 1139 2624 stellarum,
1163 2550 1206 2610 sic
1220 2551 1290 2630 ipsu
1307 2551 1360 2609 do·
1389 2569 1392 2580 ·

263 2653 326 2694 runt
346 2651 475 2710 gemmea
497 2632 637 2694 verietate
655 2631 859 2710 distinguitur,
883 2651 945 2692 curn
966 2618 1142 2712 pelluceutes
1165 2633 1256 2694 rivuli·
1274 2645 1358 2714 grato

266 2718 386 2796 strepitu
403 2733 456 2794 per
468 2715 590 2776 virentia
604 2725 684 2794 prete
703 2713 875 2787 decurrunt3
895 2735 957 2776 curn
972 2714 1086 2796 liquidis
1101 2716 1276 2777 ovicularum
1291 2737 1373 2778 conr

266 2799 343 2858 tibus
362 2817 477 2860 nemore
492 2799 573 2858 novis
590 2797 738 2858 frondibus
759 2799 899 2861 nomentio
913 2809 1069 2859 resonante
1094 2803 1157 2880 quis
1173 2801 1217 2878 ite!
1228 2799 1358 2881 torpidus

268 2901 302 2943 nc
319 2884 422 2962 segnis
439 2893 502 2955 est,
526 2893 557 2942 nt
575 2882 661 2942 otiari
673 2881 766 2942 veliti
786 2883 849 2962 quis
865 2884 905 2942 ito
921 2885 1052 2962 ignavus,
1075 2886 1196 2944 coinon
1214 2885 1272 2964 ipsi
1288 2905 1360 2964 quo-

264 2985 319 3047 quo
335 2967 489 3026 florescere
502 2963 621 3045 quodum
637 2964 720 3026 modo
734 2965 841 3038 libent,
866 2966 912 3026 cui
925 2987 980 3026 non
994 2965 1120 3046 aliquid,
1142 2986 1198 3046 quo
1214 2987 1247 3027 se
1260 2969 1359 3028 vivere
1393 2979 1398 2986 '

264 3069 298 3110 ec
315 3051 415 3128 vigere
433 3059 565 3121 testetur,
574 3068 610 3108 ex
624 3047 740 3127 ingenio
754 3069 806 3108 suo
819 3048 939 3110 fundere
953 3050 1063 3110 unimus
1079 3050 1211 3128 gestiat?
1230 3051 1272 3111 Ut
1283 3053 1359 3112 enirn

263 3142 373 3193 tument
391 3140 498 3204 terroe,
522 3143 553 3192 ut
568 3141 684 3210 turgent
699 3134 790 3202 vites,
812 3144 844 3192 ut
865 3134 999 3194 animulis
1012 3131 1048 3192 od
1067 3130 1203 3214 gignendi
1218 3131 1360 3213 eupidita-

264 3227 321 3276 tem
347 3216 519 3286 incitentur3
543 3216 585 3275 sic
607 3216 733 3294 gliscere
751 3214 885 3276 videntur
900 3217 1017 3294 ingonia
1038 3227 1068 3277 et
1087 3217 1123 3288 nd
1136 3219 1357 3278 exercitationes

263 3311 383 3360 naturae
398 3317 467 3359 suae
480 3299 602 3358 maxime
616 3311 805 3377 congruentes
818 3317 852 3360 uc
861 3310 1073 3360 consentaneus
1090 3301 1227 3372 exciteri3
1245 3321 1308 3362 cum
1323 3302 1359 3361 ab

265 3385 308 3443 eis
329 3383 420 3444 libere
443 3381 581 3443 obeundis
603 3393 695 3464 neque
719 3383 839 3466 emplius
857 3382 969 3464 Frigore
988 3402 1081 3466 neque
1094 3383 1298 3447 edduc'cnlorc
1312 3405 1359 3446 ar-

265 3477 384 3527 ceantur
387 3507 500 3526 .....

320 3647 354 3705 e]
369 3647 405 3697 ot.
419 3649 494 3704 tirus.
507 3649 570 3700 Lex
584 3647 727 3706 rnunscnn.
741 3649 796 3698 Vol.
810 3651 841 3696 ll.
855 3659 912 3708 neg.
926 3647 983 3698 ddi).
998 3649 1034 3697 ed
1050 3651 1074 3698 1.
1101 3601 1164 3699 i'u.⁸

265 3778 313 3828 m
369 3725 440 3829 ¹¹‘Hoc
453 3722 600 3772 eductivum
613 3724 686 3772 foede
699 3727 795 3782 poteret
808 3723 891 3772 vitent.
928 3723 965 3772 ct.
979 3725 1149 3778 nottenhem
1160 3723 1290 3774 mooun.
1304 3733 1361 3785 nug

622 3973 1016 4008 m·-
