2960 5070
510 263 639 332 ruunt
662 265 761 332 vnn
784 235 858 330 11'
912 286 929 356 χ
1000 224 1003 232 ’

206 436 328 500 Arenata
348 445 479 517 unquam
501 433 628 510 lucibus,
650 443 681 498 et
700 391 810 499 torruui
832 439 945 502 intuens
1004 439 1007 450 '

155 519 355 582 Peccati
346 541 440 599 imago
461 520 583 581 animum
605 531 753 602 paventem
774 506 899 586 teinitnt.

290 603 358 668 Tibi
381 603 453 678 beu,
476 603 528 663 libi
550 623 617 676 ιιι,
641 621 748 664 summe
771 619 934 670 cunctorum
955 593 1102 684 arbiter,-

207 686 298 748 Cuius
318 689 413 750 vereri
434 687 555 748 maxime
574 689 646 748 iram
667 689 811 768 perluit,
915 705 926 712 ··
1037 709 1041 714 ·

144 770 186 830 {tt
207 771 343 834 Vesanus
363 772 413 832 illo
437 789 536 849 meque
555 771 671 852 implevi
693 771 830 832 crimine:

206 854 283 935 Perp
286 866 351 915 etue
371 854 456 914 dictis
480 865 592 918 constet
614 865 646 914 nt
668 852 738 914 fides
763 857 840 928 tuis,

205 938 388 1018 vincasque,
411 935 446 997 de
468 947 498 998 te
519 939 545 997 si
567 938 630 1018 quis
652 937 736 998 aliter
759 938 876 1000 iudicet.

288 1021 352 1094 Ne,
364 1037 500 1103 quaeso,
524 1023 623 1094 saevi3
645 1041 765 1102 namque
785 1023 851 1082 ab
842 1043 906 1103 ipsa
926 1025 1055 1104 origine,

159 1105 365 1166 Genitricis
387 1105 450 1166 alvo
472 1103 564 1165 adbuc
586 1116 702 1188 tepente
723 1104 907 1167 conditum
962 1131 968 1146 ·

143 1193 187 1249 bo
205 1187 383 1262 Maculavit,
404 1187 479 1260 buu,
503 1208 548 1249 nte
571 1187 655 1248 foeda
676 1195 786 1270 peccati
807 1190 879 1252 lues.
926 1215 929 1222 ¹

289 1272 331 1332 Et
351 1281 382 1332 tu
402 1282 515 1372 ιιιιιι,
538 1273 586 1332 cui
609 1291 676 1332 caru
697 1291 805 1332 summe
821 1283 872 1336 est
887 1257 1019 1349 veritus,
1092 1324 1093 1327 ,

206 1352 434 1438 Sapientiae
395 1377 433 1415 ιιιι
456 1375 560 1416 arcana
582 1354 689 1416 detenti
700 1367 787 1418 tuae.
843 1367 846 1377 ”

289 1439 441 1520 Aspergar
463 1439 513 1499 abs
536 1450 581 1512 te,
606 1459 745 1519 asper-gar
761 1439 908 1522 hyssopo,
929 1438 1036 1516 Pater,
1131 1475 1133 1496 .

205 1521 387 1623 blundusque
410 1523 491 1594 liam3
513 1533 543 1582 ιιι
564 1523 704 1622 benignus
725 1543 771 1584 me
784 1505 901 1584 ablues.

141 1607 184 1664 25
205 1606 296 1667 Ero
287 1627 351 1686 ipse
370 1619 436 1666 tunc
457 1603 575 1666 nitidior
595 1607 703 1666 intacta
722 1609 799 1666 nive

289 1693 370 1752 Tunc
392 1710 462 1750 aure
482 1689 557 1749 laetu
578 1689 695 1749 nuncios
717 1689 858 1769 optabiles

204 1761 371 1854 Accipiam,
393 1774 442 1833 ubi
463 1791 530 1834 esse
550 1774 706 1852 mitigatum
727 1785 757 1834 te
777 1770 900 1833 audiam.

205 1857 287 1918 Tunc
309 1868 338 1917 et
359 1877 485 1918 meorum
507 1856 613 1916 obtrita
634 1875 754 1938 compag
755 1877 771 1918 ο
794 1857 902 1916 ossium

205 1940 317 2001 Exiliet
337 1941 387 1999 illo
409 1939 534 2000 delibuta
534 1938 667 2038 'gaudio

143 2029 186 2086 50
205 2025 316 2084 Averte
337 2023 427 2104 culpis
449 2030 467 2083 ι’
487 2024 558 2083 meis
580 2023 704 2096 vultum,
726 2041 847 2106 precor,
985 2045 1017 2058 Χ

175 2108 375 2188 iniquitates
397 2107 426 2167 et
446 2107 536 2167 bonus
558 2103 621 2167 dele
643 2125 732 2166 meus.

205 2192 362 2272 Supremo,
385 2191 516 2251 mundum
536 2209 587 2250 eor
607 2197 715 2250 creato
724 2189 755 2248 in
776 2209 840 2263 me,
864 2188 963 2263 Deus,

205 2275 380 2353 Rectumque
403 2295 502 2334 rursus
525 2275 654 2353 spiritum
675 2275 751 2334 intra
773 2293 818 2334 me
837 2274 952 2334 innova.

289 2359 358 2419 Noli
379 2369 427 2418 tuo
447 2378 492 2417 me
513 2376 612 2418 arcere
633 2357 670 2417 ab
690 2367 806 2436 aspectu
827 2357 944 2435 procul,

140 2446 182 2502 55
205 2443 296 2504 Tuum
317 2461 370 2520 neo
392 2462 409 2502 a
430 2461 476 2500 me
499 2441 636 2521 Spiritum
660 2441 794 2501 Sanctum
816 2439 942 2500 auferas.

289 2515 370 2587 Tuae
391 2526 492 2585 salutis
515 2523 602 2584 redde
625 2524 763 2584 laetitiam
784 2522 914 2597 mibi,

205 2607 246 2670 Et
268 2609 418 2690 principali
440 2609 543 2687 spiritu
564 2607 663 2668 fulcito
683 2625 739 2666 me.

289 2693 363 2756 Vias
388 2691 497 2751 docebo
517 2689 661 2751 sedulus
653 2691 765 2789 iniquos
787 2700 889 2766 tuas,

205 2773 246 2836 Et
267 2787 360 2837 mente
382 2794 465 2836 versa
486 2773 522 2834 ad
543 2786 572 2834 te
592 2771 753 2835 redibunt
745 2775 835 2854 impii

141 2861 219 2920 uo
289 2860 381 2940 Turpi
400 2858 574 2938 inquinatum
600 2856 688 2918 caede
709 2876 755 2917 me
778 2856 879 2938 expia,
902 2853 1002 2929 Deus,

205 2941 287 3004 Deus
310 2943 417 3003 salutis
432 2951 532 3001 auctor
554 2950 583 3001 et
604 2942 737 3020 princeps
759 2952 849 2998 mene.
914 2986 917 2996 ,

204 3025 319 3105 Lingua
339 3038 371 3086 ut
391 3025 534 3085 molestis'
542 3022 676 3104 impedita
695 3021 820 3084 nexibus

206 3110 306 3172 Soluta
326 3099 424 3170 laudes
445 3118 539 3168 cantet
559 3107 675 3168 exultim
697 3118 773 3167 tuas.

288 3195 351 3266 Tu,
374 3192 517 3265 Domine,
542 3191 638 3264 labra,
663 3191 709 3270 qui
729 3201 830 3270 potes,
854 3189 935 3268 aperi
956 3205 1038 3260 mea,

140 3282 184 3338 ΑΒ
203 3275 364 3358 Etpatere
384 3274 476 3336 laudis
499 3295 544 3336 me
564 3275 634 3336 essd
652 3293 820 3372 praeconem
844 3283 920 3332 tuae.

287 3360 361 3420 Νιιιι
384 3360 561 3420 vlotimarum
582 3358 744 3418 duceret
720 3379 745 3418 su
766 3368 795 3415 te
817 3376 918 3428 eruor,

205 3444 340 3522 Magnam
363 3444 529 3504 obtulissem
549 3443 726 3502 victimarum
747 3442 804 3499 ιίιιι
826 3440 891 3500 tibi.

205 3527 264 3588 Sed
283 3528 336 3588 tibi
357 3527 522 3586 holocausta
543 3525 657 3605 ingrata
678 3535 707 3585 ct
727 3519 878 3583 iniucunda
899 3533 974 3582 sunt.

289 3611 467 3672 Sacrificium
493 3609 544 3669 tibi
568 3610 688 3669 omnium
710 3607 904 3685 gratissimum
927 3616 992 3678 cst,
1065 3635 1069 3641 ·

141 3697 185 3754 ὅθ
206 3693 310 3766 Mens,
334 3695 461 3754 criminis
482 3711 563 3772 quam
586 3688 669 3752 uerat
690 3689 807 3749 admissi
830 3687 930 3749 dolor:

133 3851 135 3857 Ι
205 3775 364 3837 Contritum
386 3788 414 3836 et
435 3777 574 3837 abiectum
597 3774 632 3835 ad
656 3773 743 3854 pedes
766 3784 850 3846 tuos,
874 3771 977 3844 Dens,

204 3858 265 3920 Cor
287 3861 458 3940 poenitentis
479 3879 616 3940 spernere
636 3855 847 3937 haudquaquam
869 3867 945 3916 tuum
966 3865 1023 3919 est.

287 3943 429 4016 Domine,
454 3944 566 4004 Sioni'
558 3963 613 4004 ιιιιι
634 3942 793 4002 benefacite
814 3939 925 4002 ΙίΙιιιιιι

124 4025 129 4032 ’
204 4024 330 4089 Excelsa
352 4039 471 4106 surgant
491 4047 592 4105 magna
611 4036 641 4086 et
661 4025 740 4084 urbis
762 4025 884 4086 moenia.

137 4113 181 4188 bt}
283 4113 365 4176 Tunc
387 4113 479 4172 iusta·
481 4131 564 4172 sacra
584 4121 614 4174 et
633 4129 703 4174 vera
723 4109 860 4168 faciemus
883 4105 957 4166 tibi:

204 4191 285 4254 Tunc
306 4195 358 4255 tibi
381 4193 565 4266 holocausta,
588 4193 708 4292 qualia
699 4211 762 4271 lpse
782 4193 844 4264 vis,
869 4189 988 4251 cadente

204 4275 305 4351 Tunc,
331 4277 404 4358 quod
424 4277 529 4338 tenello
549 4288 578 4338 te
593 4279 677 4336 iuvet
695 4275 785 4336 vitulo
805 4275 915 4354 magis,

204 4361 275 4424 Tuis
296 4362 410 4424 sonabit
428 4363 519 4423 omnis
540 4379 590 4424 ara
609 4358 751 4422 laudibus.
