2934 5070
369 217 371 224 ’
421 235 424 243 ·
516 175 689 290 uranum
713 199 875 292 monam
1039 263 1041 271 ,
1168 226 1236 296 aar

230 413 232 420 ·
308 337 383 457 tx.
426 364 1033 485 muqnuuuscronauo'sn.
1252 395 1300 440 er
1355 361 1359 386 ¹
1446 399 1448 404 ‘

135 495 240 585 Binas
263 545 280 584 a
300 535 330 586 te
357 527 468 586 litteras
490 529 608 608 accepi,
634 525 670 586 ad
695 547 764 607 quas
785 549 837 588 cur
854 549 908 588 non
923 529 1003 607 prius
1020 525 1229 606 responderim,

136 610 209 668 nihil
232 619 421 670 necesse.ost
441 608 556 682 dicere,
579 611 630 670 tibi
650 608 883 692 praesertim,*)
913 611 960 691 qui
986 621 1016 672 et
1034 611 1179 691 pigritiam
1202 613 1231 670 in
1271 610 1273 618 ’

88 689 95 698 ’
135 689 193 752 boo
207 712 262 752 nno
280 693 364 752 officii
380 712 487 775 genere
500 711 589 752 meam
606 695 684 754 uasti
698 706 727 754 et
740 695 939 774 o'eeupationes
958 714 1048 756 meas.
1072 692 1232 772 Oratione)

134 797 200 836 mea
224 795 314 854 neque
338 774 413 848 edita
439 785 501 848 est,
526 773 616 855 aequb
633 775 736 837 edetur
756 778 785 837 iu
803 779 889 838 Urbe
898 780 1009 840 saltem.
1055 776 1139 850 Quod
1155 779 1230 838 enim

134 879 257 918 neeesse
276 859 428 918 habueram
443 860 529 918 multa
547 859 636 920 verba
650 861 748 921 facere
768 860 803 920 dc
818 882 855 927 ea
868 881 957 942 paco,
983 879 1054 940 quae
1073 861 1229 940 superiori·

134 941 189 1000 bns
205 941 304 1002 diebus
319 944 347 1000 in
362 941 466 1002 Galliis
481 941 555 1002 lacta
569 953 630 1014 est,
656 963 690 1002 oa
702 943 838 1006 Pontifex
851 947 910 1006 etsi
924 944 1036 1024 publice
1051 942 1107 1004 diei
1124 945 1233 1024 peruni-¹
1339 961 1354 994 s

134 1027 187 1098 sit,
211 1025 380 1104 divulganda
396 1037 490 1084 tamcn
509 1045 564 1084 non
580 1025 730 1086 iudicavit.
773 1026 909 1088 Lutetiae
928 1039 1019 1088 tamen
1045 1037 1074 1086 et
1096 1026 1229 1106 Lugduni

92 1099 111 1118 “
134 1111 200 1168 sine
216 1109 273 1169 ulle
295 1108 470 1172 dubitatione
487 1108 651 1192 eueudetur.
694 1109 852 1190 Exemplar
867 1132 950 1171 unum
960 1149 975 1184 ,Γ
994 1111 1020 1170 si
1034 1109 1070 1170 ad
1086 1130 1130 1170 me
1148 1111 1234 1194 plqra

132 1195 298 1263 mittentur,
321 1193 416 1250 statim
431 1191 482 1250 tibi
496 1193 654 1252 curabitur.
698 1193 812 1256 Interea
829 1195 906 1254 servi
923 1192 1089 1264 valetudini,
1113 1205 1142 1253 et
1157 1213 1228 1272 ungo

133 1275 227 1334 studia
248 1287 313 1345 tna,
338 1285 367 1333 et
385 1275 489 1357 facito,
514 1294 575 1334 curu
596 1273 631 1335 ad
651 1295 703 1335 nos
727 1274 853 1350 redibis,
879 1289 910 1337 ut
930 1276 982 1337 tibi
1007 1278 1114 1336 fructus
1142 1277 1226 1334 istius
1302 1331 1305 1336 .

133 1361 186 1417 otii
203 1369 239 1429 ‚et
258 1356 420 1418 solitudinis
446 1365 567 1420 constet.
619 1358 706 1421 Vale.
732 1357 855 1424 Romae.-
879 1361 935 1424 lv.
959 1361 1038 1422 Non.
1064 1359 1226 1436 Quinctiles

294 1573 297 1576 ’
360 1590 402 1652 x.
445 1589 681 1657 musanus
707 1589 930 1654 otorano
960 1591 996 1653 s.

114 1673 204 1774 Qui
226 1709 337 1768 litteras
361 1706 397 1766 ad
414 1727 459 1766 me
481 1720 544 1800 turp
563 1707 712 1780 adierunt,
735 1707 879 1770 redituros
899 1729 949 1781 sc,
973 1720 1033 1770 uta
1050 1729 1094 1768 me
1108 1729 1225 1788 respon-

132 1811 195 1851 sum
212 1793 360 1862 auferant,
383 1784 572 1870 pollicentur,
595 1811 687 1870 neque
702 1813 822 1871 unquam
841 1793 970 1852 redeunt.
1016 1791 1063 1851 Eo
1081 1793 1127 1864 fit,
1150 1803 1181 1851 ut
1197 1803 1227 1850 ct
1298 1815 1300 1820 ¹

131 1877 225 1934 minus
244 1875 411 1953 frequenter
431 1886 460 1933 ot
482 1895 548 1934 sero
568 1873 766 1954 respondeam.
811 1875 936 1936 Plautini
952 1877 1083 1948 litterae,
1108 1874 1226 1954 nequid

86 1997 91 2004 -
132 1957 185 2016 tibi
199 1957 394 2029 dissimulem,
418 1958 652 2038 interpretatione
668 1950 724 2018 nbn
742 1969 839 2036 egent.
884 1959 1048 2030 lllcenim,
1072 1959 1127 2017 etsi
1144 1977 1225 2018 vero·
1331 2029 1333 2032 Ι

90 2101 94 2117 ,
131 2040 223 2100 eunde
245 2061 279 2100 ac
302 2040 447 2114 modeste,
471 2042 541 2100 satis
565 2053 669 2121 aperte
687 2053 781 2101 tamen
803 2043 964 2122 significat,
988 2061 1019 2102 se
1036 2041 1091 2100 tibi
1109 2061 1224 2118 operam

132 2123 202 2184 dare
219 2146 273 2182 non
291 2143 388 2204 posse.
433 2121 522 2184 Aliud
535 2125 626 2203 igitur
642 2145 765 2206 agamus·
778 2145 893 2206 censeo.
918 2156 920 2174 a
938 2124 1034 2184 Locus
1050 2124 1166 2206 Horatii
1184 2126 1224 2182 ita

131 2228 150 2267 a
169 2227 214 2268 me
235 2205 400 2266 emendatus
423 2217 487 2280 ost,
511 2219 542 2266 ut
559 2219 589 2267 tu
601 2207 661 2266 atti·
676 2206 879 2268 emendandum
897 2206 989 2268 videri
1012 2205 1135 2278 scribis,
1157 2218 1224 2266 ante

131 2291 185 2350 hos
207 2291 311 2370 viginti
331 2311 439 2362 annos,
470 2290 581 2362 idest,
611 2309 674 2350 eum
698 2293 818 2372 primum
842 2291 950 2353 scholia
969 2293 998 2348 in
1023 2311 1086 2350 enm
1112 2295 1224 2369 politam

125 2367 219 2434 edidi.
252 2373 349 2432 Error.
362 2385 455 2434 antem
470 2375 519 2433 ille
533 2375 713 2435 librariorum
727 2376 756 2434 iu
771 2375 877 2434 litteris
893 2384 942 2434 aut
954 2375 1062 2434 frustra
1072 2376 1224 2452 ‘geminan-

131 2456 177 2516 dis
201 2467 249 2516 aut
270 2477 332 2516 eum
350 2456 537 2535 geminandae
554 2468 667 2530 essent,
690 2457 878 2540 omittendis,
900 2460 941 2516 ita
955 2457 1085 2534 vulgatus
1103 2467 1149 2516 est
1162 2468 1224 2516 cta
1316 2497 1318 2504 =

130 2551 187 2600 tam
201 2541 296 2600 multis
311 2537 436 2612 notatus,
461 2551 490 2599 ut
506 2540 576 2599 nibil
589 2542 763 2607 accessesit
778 2541 858 2620 plura
870 2541 1050 2620 conquirere.
1093 2539 1223 2599 Litteras
1382 2591 1384 2604 ,

131 2622 168 2682 ad
185 2623 347 2686 Plautinum
367 2635 433 2692 tuas¹
446 2624 640 2702 locis‘aliqnot
656 2644 673 2683 a
688 2644 733 2685 me
748 2625 882 2684 meliores
898 2623 989 2684 laetas
1002 2622 1038 2682 ad
1051 2635 1079 2682 to
1095 2624 1219 2683 remitto.
1263 2657 1268 2668 .
1372 2679 1375 2686 .

24 2733 28 2740 ·
130 2707 213 2785 Urge
230 2706 340 2780 studia;¹
360 2717 400 2766 et
423 2727 459 2767 no
481 2707 567 2766 latum
588 2707 701 2786 quidem
723 2727 881 2786 ungucma
903 2718 1029 2767 veterum
1051 2709 1222 2786 scriptorum

130 2790 255 2850 leudone
278 2788 378 2849 abduci
398 2799 427 2852 te
451 2792 567 2868 patitor.
611 2790 691 2850 Vino
714 2791 761 2868 qui
782 2801 897 2852 utuntur
918 2801 1017 2851 vetere
1038 2789 1157 2848 Plautus
1176 2808 1222 2848 sa·
1242 2795 1311 2847 bsa'

65 2931 81 2946 ,
130 2875 241 2952 pientes
259 2869 443 2954 putantem
462 2892 516 2950 ogo
531 2893 581 2931 eos
597 2875 643 2952 qui
660 2874 804 2936 ueteribus
820 2875 945 2952 seriptis.
975 2872 1050 2932 Nam
1067 2893 1138 2951 quae
1153 2892 1221 2951 quo·

130 2955 200 3016 tidie
214 2957 248 3015 ab
266 2958 329 3016 istis
349 2955 492 3015 scribendi
507 2955 787 3037 cupidis'prodeunm
806 2957 892 3020 multo
909 2967 974 3014 sunt
987 2959 1124 3034 nequiora
1140 2976 1223 3034 qnam
1238 2971 1241 2979 ’

124 3041 207 3098 numi
222 3041 299 3099 uari.
344 3039 413 3098 Colo
427 3040 515 3116 igitur
530 3037 604 3098 omni
621 3033 715 3099 studio
732 3041 945 3118 antiquitatem,
969 3050 999 3098 et
1012 3042 1221 3118 omnes‘partes

130 3123 208 3182 illins
223 3122 375 3201 diligenter
388 3133 575 3202 accurateque
593 3124 746 3203 perlustra.
791 3123 935 3182 Inutilium
950 3122 1077 3182 ciborum
1093 3143 1144 3183 esu
1160 3142 1223 3181 cor-

130 3226 218 3284 pora,
250 3205 391 3268 inutilium
418 3205 554 3268 librorum
577 3207 700 3266 lectione
723 3208 839 3287 ingenia
860 3215 1088 3286 corrumpuntur.
1132 3206 1220 3282 Vale.

130 3289 217 3352 Vlll.
236 3287 624 3352 ttal.N0v.MDLxxv1.
642 3289 764 3350 Romae.
837 3365 849 3377 ..

332 3439 409 3499 XI.
453 3437 693 3501 MURETUS
722 3435 999 3530 cleranos.

130 3521 191 3615 De
205 3553 331 3640 Plautini
348 3557 493 3618 voluntate
510 3577 609 3618 maneo
625 3557 655 3616 in
669 3557 822 3617 sententia.
865 3554 966 3616 Iussus
983 3566 1037 3625 est,
1060 3554 1166 3631 inquis,
1186 3552 1222 3613 ab
1280 3575 1283 3582 ·

129 3637 204 3699 Aria
216 3637 366 3701 Montano.
399 3639 447 3703 Ab
463 3652 546 3720 putas
559 3639 700 3706 Montano
715 3661 776 3701 eam
793 3657 860 3701 osse
877 3639 946 3710 uim,
962 3647 993 3696 ut
1008 3635 1129 3696 iubenti
1150 3635 1222 3696 Suu·
1283 3703 1296 3718 .

130 3719 227 3794 debit,
252 3720 427 3795 hortabitur,
447 3723 557 3795 eredo;
576 3725 719 3784 iussurum
740 3743 796 3782 non
820 3732 903 3802 puto:
937 3732 982 3780 est
1005 3720 1080 3780 enim
1098 3719 1222 3782 alienum
1284 3735 1288 3741 ·
1328 3781 1330 3788 ,

130 3825 147 3864 a
163 3804 303 3866 modestia
324 3806 427 3886 ipsius.
452 3807 495 3868 At
513 3808 657 3886 significat
669 3807 832 3878 Plautinus,
848 3825 881 3865 se
894 3815 1021 3865 veterum
1038 3800 1223 3881 auctorum†)

187 3959 221 4016 t)
237 3961 272 4008 ct.
288 3965 355 4011 Toto.
370 3965 389 4010 t
405 3959 434 4008 a.
450 3925 506 4018 pag.
522 3962 577 4010 626.
606 3965 652 4008 ra.
707 4019 710 4026 Ι
916 3997 917 4000 ,

185 4033 238 4090 aa)
251 4037 284 4080 od
296 4034 438 4090 aragonum
449 4037 513 4082 xm.
525 4035 620 4082 nomine
631 4033 731 4081 mention
741 4035 782 4080 111.
797 4033 892 4080 Latum
900 4057 929 4068 -
937 4033 1014 4078 oratt.
1026 4031 1080 4078 Vol.
1092 4032 1111 4076 1.
1128 4031 1166 4076 25:
1182 4033 1227 4076 Fa.

186 4116 257 4170 rann)
272 4119 303 4162 nt
316 4115 437 4166 Pladarus
452 4110 546 4171 olymp.
560 4115 584 4164 9.
599 4115 761 4172 (varam)
784 4109 866 4161 Atro
882 4101 1049 4165 ‹ttnatmtn
1065 4104 1120 4176 μὲν
1135 4097 1225 4158 οἶνον,

131 4165 262 4228 draeo&
283 4169 381 4244 ὕμνων
398 4177 549 4241 νεωτέρων.
576 4184 670 4229 Laena.
685 4206 714 4218 -
742 4183 822 4228 Plana.
837 4182 919 4228 casin.
934 4182 1026 4235 prolog.
1041 4179 1065 4224 ὅ.

342 4243 387 4294 Qut
400 4243 500 4288 ulmum
512 4241 570 4286 nmo
581 4243 674 4295 uetere,
689 4241 807 4297 septenes
820 4242 886 4296 puto.
915 4241 960 4284 Fa.

187 4311 223 4375 †)
238 4312 275 4362 t'l.
290 4323 365 4371 supra
379 4325 435 4372 pag.
449 4315 489 4362 53.
505 4313 561 4390 ⁰⁸¹³)
575 4315 598 4362 ³.
627 4316 673 4362 η.
