2980 5074
158 377 163 392 .
262 263 330 362 24'2
568 261 573 266 ’
639 244 643 252 ’
703 290 942 356 susurnam

266 463 342 524 cori.
375 462 478 534 ·Scio,
507 459 562 520 loc
591 459 674 538 quod
695 459 826 522 dicturus
852 481 933 532 suns,
964 473 1140 543 quantopere
1164 466 1367 526 nonnullorum

268 547 378 606 anemos
399 544 547 604 mordeat.-
569 543 621 602 sed
645 553 738 604 tamen
762 554 794 605 et
814 547 992 607 verissimum
1017 558 1063 608 est
1082 556 1114 606 et
1129 549 1289 608 mehercule
1308 551 1368 609 ιἰιιιι

267 630 380 699 notius,
405 644 489 706 quom
509 636 544 687 ut
560 629 667 704 negari
684 629 806 706 amplius
820 631 925 707 possit.
973 631 1032 708 Qui
1047 650 1078 690 se
1098 633 1251 692 ommoeulo
1266 643 1369 692 nostro

186 722 189 742 ¹
269 731 398 772 sermone
415 715 517 789 poitas
531 709 685 790 perhiberi
700 711 849 787 cunboni,
867 711 972 790 perdiu
991 731 1025 772 eo
1041 714 1202 790 scripsere,
1224 734 1298 794 quae
1318 717 1370 775 de-

271 795 489 873 lectars'modo
502 795 610 852 otiosas
628 795 829 866 mulierculas,
852 807 909 854 non
926 797 1011 854 enom
1028 797 1206 856 eruditorum
1224 800 1371 858 homonum

270 879 367 942 studs'a
389 887 486 937 tenere
502 885 630 954 possent.
678 879 807 948 Primus,
830 878 1035 950 utarbitror,
1059 875 1162 939 Petrus
1186 880 1368 952 Itonsardus,

271 981 334 1022 eum
361 980 392 1020 se
417 960 609 1019 eruditissimo
629 961 692 1020 uiro
712 961 818 1020 loanni
834 963 951 1021 Aurata
976 962 1205 1042 indisciplinam
1230 964 1367 1036 dedisset,

271 1049 360 1123 eoqu'e
384 1044 454 1102 duee
482 1052 607 1102 ueterum
633 1044 782 1122 utriusque
807 1045 923 1122 linguae
942 1048 1097 1122 poetarum
1118 1048 1245 1125 sarepta,
1276 1049 1369 1110 multa
1478 1117 1479 1120 Ἴ

272 1138 301 1188 t
316 1128 450 1204 deligenti
463 1127 582 1186 menone
595 1127 750 1224 munisset&
766 1129 999 1187 transmarmcs
985 1130 1010 1186 ι
1008 1131 1044 1187 s
1059 1129 1159 1207 opibus
1181 1149 1235 1188 sua
1256 1133 1370 1209 scripta

271 1207 417 1270 edomare
438 1227 594 1288 aggressus
614 1218 676 1270 ests
699 1211 781 1268 cuius
797 1221 901 1289 postea
919 1213 1077 1290 coemptum
1093 1215 1255 1273 insecutiL
1273 1217 1369 1272 Anto-

271 1295 337 1354 nius
356 1292 487 1376 Bauius,
517 1295 543 1353 1.
566 1293 694 1353 Belloius
717 1293 823 1371 aliique
841 1296 997 1372 permulti,
1028 1294 1110 1355 breui
1127 1306 1251 1393 tempore
1272 1307 1370 1356 tantos

262 1377 368 1459 secere
381 1394 567 1454 progressus,
591 1386 625 1436 ut
644 1395 693 1435 res
710 1377 757 1436 uel
772 1377 812 1435 ad
824 1397 961 1437 summum
976 1381 1141 1456 peruenisse
1159 1381 1217 1438 ιἰιιιι
1232 1381 1279 1439 nel
1290 1390 1370 1440 certe

272 1461 352 1520 laud
364 1461 406 1519 ato
416 1460 504 1519 multo
514 1469 584 1537 post
596 1469 772 1539 perventura
786 1480 847 1520 esse
860 1463 1002 1520 uideatur.
1018 1463 1122 1522 Idem
1108 1482 1136 1521 ιιι
1152 1463 1251 1540 lt'ngua
1260 1465 1369 1526 nonna

272 1545 390 1603 muttum
405 1543 488 1602 abest
499 1551 531 1602 ut
544 1544 639 1602 erccse
654 1544 789 1602 li'ceots
774 1563 804 1604 m
820 1562 878 1622 qna
887 1564 949 1606 eum
965 1565 1003 1604 en
1015 1546 1159 1605 ueteribus
1172 1547 1209 1606 ab
1222 1548 1367 1616 Ausonio,

273 1647 312 1686 eu
333 1627 541 1686 recentioribus
559 1645 578 1686 a
598 1627 743 1686 Salmonio
766 1637 797 1686 et
812 1628 879 1688 aliis
899 1629 1009 1688 duobus
1022 1629 1109 1709 sorte
1124 1628 1370 1705 outsnmmum*)

274 1710 368 1770 trn'bus
383 1711 567 1780 discesseris,
587 1719 622 1768 ut
640 1711 747 1768 Graeci
754 1711 907 1787 prouerbc’o
922 1713 1038 1782 dicunt,
1061 1732 1122 1772 esse
1137 1715 1241 1772 multos
1256 1713 1370 1791 quidem

275 1811 323 1872 quc
352 1792 435 1852 boves
455 1793 617 1864 stimulent,
648 1792 700 1850 sed
720 1811 807 1852 raros
831 1793 1046 1882 aratores;**)
1086 1798 1128 1854 itu
1153 1797 1234 1854 dicas
1256 1796 1365 1866 lacebit,

274 1877 378 1936 multos
397 1876 509 1952 quidem
526 1894 588 1934 esse
610 1875 663 1954 qui
681 1895 780 1936 versus
796 1875 933 1958 socrant,
961 1878 1015 1936 sed
1033 1897 1120 1938 raros
1134 1881 1278 1958 planeque
1299 1875 1370 1939 sia·

276 1953 451 2042 ριθμήτους
465 1961 580 2037 potitos.
632 1959 710 2016 ln'
696 1961 733 2018 sis
750 1961 869 2038 loquor,
899 1961 952 2040 qui
966 1949 1076 2040 s'erspta
1096 1981 1150 2021 suo
1169 1964 1198 2020 in
1221 1963 1370 2040 publicum

259 2043 400 2103 edidere.
454 2043 521 2102 Scio
549 2043 622 2100 enim
652 2049 684 2100 et
707 2045 780 2102 alnos
807 2055 868 2104 esse
894 2054 944 2103 sat
967 2047 1070 2106 multos
1089 2055 1120 2105 et
1140 2045 1272 2123 inprimis
1292 2066 1367 2116 eum,

180 2167 188 2186 ι
276 2145 358 2207 quem
378 2144 468 2208 supra
489 2126 650 2196 nominaui,
673 2127 808 2186 Ioannem
825 2129 990 2200 Auratum,
1013 2148 1061 2208 que
1059 2131 1168 2188 celso
1171 2130 1214 2186 lus
1228 2130 1370 2208 uelproc-

277 2213 369 2288 cipue,
401 2210 431 2268 si
452 2209 566 2288 quondo
586 2227 640 2268 sua
664 2211 807 2282 emiserit,
837 2209 995 2292 effecturus
1015 2221 1075 2282 est,
1102 2232 1139 2270 ne
1159 2212 1281 2271 ultert'us
1302 2231 1371 2272 suos

276 2295 419 2364 teutonos,
442 2293 555 2363 Actias,
577 2293 699 2364 Melsos,
721 2294 877 2353 Flaminios
892 2295 1134 2354 Italiocinoideat
1152 2297 1257 2354 Golia.
1300 2297 1371 2354 Cum
1464 2367 1466 2377 Ι

276 2378 387 2454 igitur,
420 2384 456 2434 ut
473 2375 513 2433 od
533 2377 692 2434 institutum
713 2377 846 2448 redeam,
876 2379 906 2436 in
926 2389 1007 2438 tanta
1029 2379 1207 2456 ingeniorum
1230 2378 1368 2449 bonitate,

276 2463 306 2520 in
327 2468 406 2519 tanto
428 2459 654 2518 doctissimorum
672 2461 806 2532 aurorum?
815 2471 977 2538 prouentu,
1005 2463 1034 2520 in
1058 2472 1139 2521 tanto
1160 2461 1370 2521 adolescentum

271 2545 402 2622 poitiees
420 2542 612 2600 studiosorum
633 2544 822 2602 aemulatione
836 2546 974 2622 quasique
987 2546 1152 2616 renalitate,
1176 2555 1286 2604 tontum
1301 2549 1370 2624 poi-

222 2677 231 2700 ,
277 2635 372 2685 tarum
389 2627 539 2684 raritatem
557 2625 763 2697 am'madoerto,
788 2625 941 2706 m'luilsere
959 2628 1041 2686 alind
1056 2629 1232 2686 eommim'sci
1237 2647 1368 2706 possum,

276 2710 337 2768 nisi
363 2728 424 2766 esse
451 2707 593 2786 quondam
622 2715 657 2766 ut
683 2717 843 2768 ceterorum
867 2729 981 2782 rerum,
1014 2711 1055 2770 ita
1078 2713 1237 2771 studiorum
1259 2732 1370 2790 quoque

278 2792 536 2869 tempestivitatem:
565 2792 705 2870 statasque
722 2792 925 2870 quodammodo
947 2795 1023 2854 caeli
1040 2795 1269 2854 conversionibus
1281 2794 1369 2873 fiens}

209 2884 256 2936 66¹
279 2885 313 2934 ut
330 2874 412 2934 modo
431 2875 460 2933 in
484 2873 557 2944 lae,
577 2875 660 2934 modo
682 2875 710 2934 in
734 2876 785 2934 illa
800 2875 948 2956 facultate
962 2879 1037 2936 certi
1049 2879 1175 2936 homenes
1184 2887 1371 2956 praestantes

278 2969 309 3017 et
330 2958 446 3035 egregii
463 2959 601 3017 esistunt.
647 2959 731 3036 Quod
749 2961 779 3018 si
795 2971 857 3031 est,
882 2961 955 3019 bona
977 2981 1041 3039 spes
1062 2981 1105 3019 me
1126 2970 1220 3032 tenet,
1242 2959 1316 3041 sore
1339 2969 1373 3019 ut

214 3105 217 3126 ,
277 3041 330 3110 sub
348 3041 491 3112 Henrico,
519 3043 597 3118 Rege
617 3041 877 3112 christianissimo,
902 3053 1037 3121 tanquam
1060 3046 1125 3103 olim
1147 3043 1200 3104 sub
1221 3047 1368 3122 Augusto,

272 3128 425 3203 potiturum
441 3124 556 3200 ingenio
569 3125 742 3184 eueitentur.
785 3126 932 3185 Atdelis
946 3127 1151 3204 quidemsotis.
1195 3129 1280 3187 Nunc
1301 3138 1370 3188 tem·

272 3220 331 3286 pus
349 3217 414 3278 est,
436 3216 470 3266 ut
483 3207 518 3264 dc
536 3208 654 3284 meipso
671 3207 728 3266 tiln‘
737 3207 832 3267 dicere
846 3209 958 3288 aliquid
969 3211 1118 3288 ιἰιιίριὶιιιιι
1143 3212 1197 3288 qni
1208 3229 1271 3268 eum
1283 3213 1370 3270 etiam

228 3297 229 3300 ’
274 3292 414 3370 puerulus
434 3298 465 3348 et
487 3307 505 3348 a
529 3290 653 3360 teneris,
674 3300 710 3350 ut
737 3293 843 3350 Graeci
864 3293 980 3364 dieunt,
1004 3295 1167 3369 unguiculis
1176 3289 1252 3375 unt)
1276 3295 1372 3353 'adrni-

276 3375 368 3434 rabili
392 3372 514 3452 quodam
537 3375 665 3452 poitices
688 3393 785 3433 amore
800 3375 997 3456 flagrassem,
1021 3379 1111 3435 multa
1133 3379 1217 3436 etnam
1241 3379 1271 3436 in
1294 3378 1375 3436 amni

273 3477 381 3534 genere
400 3457 554 3528 carmanis,
583 3467 710 3530 ueteres,
744 3459 840 3536 quoad
867 3479 922 3538 per
948 3461 1023 3518 us'res
1050 3461 1188 3530 lacuerat,
1228 3461 1370 3532 imitatus,

216 3581 218 3587 ι
275 3543 518 3619 conscripseram.-
546 3557 684 3618 quorum,
706 3543 808 3619 paullo
832 3544 978 3620 grandior
989 3541 1113 3622 seems,
1141 3545 1277 3602 nonnullo
1308 3555 1372 3603 tor·

276 3621 389 3702 dipedi,
423 3633 457 3683 ut
490 3625 536 3682 ait
560 3623 708 3696 Catullus,
722 3621 762 3706 †)
799 3627 860 3685 Deo
889 3627 1036 3698 diuorum,
1077 3627 1214 3689 nonnullo
1240 3629 1372 3705 proiece-

274 3725 356 3777 ram,
383 3709 521 3766 nonnulla
542 3709 647 3778 etnam,
676 3717 711 3767 ut
720 3707 780 3786 fit,
804 3729 893 3787 penes
914 3729 957 3770 me
979 3712 1165 3769 retinueram.
1210 3712 1371 3787 Erigitur

275 3809 339 3849 eum
358 3791 438 3850 laud
455 3791 498 3849 s'ta
513 3791 628 3870 pridem
641 3789 811 3915 amicssffi)
834 3792 1001 3872 quibusdam
1019 3795 1099 3865 meis,
1121 3793 1223 3872 quitus
1238 3813 1291 3872 ego
1302 3796 1371 3873 plu-

332 3965 419 4024 mos.
435 3969 488 4014 adn.
504 3977 559 4023 pag.
575 3968 604 4014 R.
619 3969 674 4016 688.
703 3971 766 4017 ltu..

265 4091 269 4095 .
331 4032 384 4089 so)
425 4026 533 4078 Πολλοὶ
548 4029 709 4093 secuturos,
729 4027 833 4099 παῦροι
851 4025 886 4082 δέ
900 4044 930 4082 τε
947 4029 998 4100 γῆς
1017 4025 1155 4103 ἀροτῆρες.

274 4097 328 4144 vit.
343 4100 436 4145 Essem.
451 4099 530 4154 Adsg.
543 4101 563 4146 1.
578 4101 601 4147 't
615 4101 638 4147 9.
653 4099 682 4148 ct.
697 4102 754 4148 thia.
768 4102 898 4158 proverbia
911 4103 960 4152 triu
973 4101 1036 4160 oliuo
1050 4104 1201 4152 antecedunt.
1227 4093 1316 4153 dm'
1325 4104 1338 4109 ⁴

330 4161 529 4288 ssqsyqxctxquq
538 4173 597 4268 Ἢ.
608 4167 638 4213 R.
652 4167 707 4216 330.
736 4171 782 4216 ds

330 4284 387 4388 qis)
408 4289 517 4332 Muretus
536 4298 590 4333 oum
610 4265 667 4334 aliis
688 4287 803 4344 deceptus
822 4291 861 4336 eet
874 4299 943 4336 eorm
944 4293 987 4346 pte
999 4289 1104 4336 lectione
1120 4290 1236 4338 cessaris
1250 4289 1282 4335 ds
1296 4291 1326 4336 B.
1341 4289 1371 4336 c.

273 4303 1194 4462 tmurrsrnrssttvtttttttnutttsnrs.
1194 4351 1290 4402 W*
1303 4357 1371 4394 ‘⁰¹²'
