2960 5070
266 311 332 379 290
520 313 527 320 ·
687 293 961 364 murmurum·
1071 297 1109 358 0·

395 475 422 535 0
445 471 556 536 valeant
574 469 694 541 calami,
716 475 817 548 pereat
836 485 928 546 genus
948 487 1031 528 omne
1051 467 1209 550 librorum,¹

480 551 614 617 Reddere
634 554 661 615 si
681 563 761 613 vates
783 570 863 612 mens
886 553 960 638 male
983 571 1053 612 sene
1074 561 1181 636 potest.
1202 554 1204 559 ’

563 669 678 781 xdur.
723 717 782 779 ru
818 675 1073 780 raucum.

397 805 493 908 Quae
514 831 544 895 tu
566 832 756 906 condideras,
777 834 889 914 inspexi
910 836 1037 896 carmine
1058 855 1165 916 nuper,
1219 889 1222 894 ,

482 917 628 998 Lectaque
651 927 735 990 suut,
758 916 870 990 ranem,
892 928 992 996 terque
1015 931 1171 1000 quaterque
1190 919 1280 980 mihi:

399 1006 463 1068 Nee
482 1013 577 1062 nmen
598 1002 691 1065 evalui
712 1019 905 1078 cognoscere,
929 999 997 1082 quid
1019 1003 1076 1062 sibi
1097 1003 1221 1064 vellent:
1295 1033 1298 1038 ·

484 1086 584 1166 Usque
606 1082 677 1145 adeo
699 1083 821 1144 odscnre
843 1084 992 1156 scribere,
1014 1084 1123 1158 Paule,
1147 1085 1241 1146 soles:

340 1179 360 1236 tt
401 1171 528 1234 Naur'tu
548 1168 654 1240 verba,
679 1177 765 1246 puto,
788 1184 825 1228 ex
844 1167 926 1227 libris
948 1179 1066 1249 accepta
1088 1167 1217 1251 Sibyllae
1226 1197 1244 1239 ,-

483 1253 623 1332 Queeqne
643 1247 765 1310 Catonis
788 1260 870 1310 erant
890 1262 1017 1330 tempore
1037 1253 1133 1333 prisea
1153 1253 1256 1323 nimis,

387 1337 544 1402 rVernilsns
563 1335 701 1406 inicrcis‚
722 1331 889 1412 'gaudeoque
911 1334 1050 1394 obscurus
1074 1333 1192 1408 haberi3

484 1419 526 1480 Et
547 1419 626 1478 velut
645 1415 760 1477 inducta
780 1417 894 1496 singula
914 1419 988 1477 nube
1009 1419 1108 1498 tegisa
1171 1417 1178 1426 '

400 1501 517 1566 Errasti
539 1501 593 1561 hoc
614 1511 740 1572 tantum,
763 1500 837 1579 quod
858 1501 972 1560 mittens
993 1503 1137 1573 carmina,
1160 1500 1270 1576 Paule,

320 1594 361 1651 to
484 1582 637 1646 Debueras
660 1603 717 1644 una
737 1585 852 1643 mittere
873 1586 1097 1663 grammaticum.
1162 1589 1169 1605 “

215 1755 263 1804 uu
556 1717 670 1798 xciv.
714 1681 800 1794 aux
829 1729 1089 1796 amenus,

401 1820 571 1916 carnifices
593 1869 681 1912 curae
701 1851 881 1929 miseraeque
901 1849 1034 1910 incendia
1055 1851 1174 1924 mentis,
1195 1875 1219 1898 r

484 1934 525 1996 Et
541 1947 572 1994 tu
595 1954 657 1994 cum
679 1934 831 2016 pharetra,
855 1951 942 1994 saeve
962 1933 1084 2013 cupido,
1106 1946 1172 2009 tuac

400 2020 520 2102 Tuque,
543 2017 675 2100 Erycina
696 2017 799 2089 leros,
822 2018 936 2095 longum
958 2027 1160 2097 aeternumque
1182 2020 1291 2092 valete,
1316 2019 1320 2025 ’

302 2149 320 2184 ,
486 2101 576 2162 Ferte
597 2102 655 2162 elio
675 2111 807 2172 reseas,
829 2099 1008 2172 noxialem,
1031 2101 1132 2162 faces:

342 2194 362 2248 e
403 2183 560 2249 Praeteriti
581 2183 664 2246 vobis
685 2184 803 2243 nimiunn
825 2184 1020 2244 concessimus
1044 2184 1127 2244 aevia

485 2269 601 2347 lamque
622 2266 685 2327 dies
705 2286 799 2338 mores
821 2268 947 2346 postulet
966 2268 1024 2326 isto
1044 2287 1152 2328 novos:

401 2351 486 2414 Nunc
507 2352 585 2412 iuvat
606 2361 636 2410 et
659 2369 754 2410 rerum
775 2368 894 2411 caussas
915 2360 1027 2413 tentare
1049 2351 1190 2424 latentes,

485 2433 622 2512 inviaque
644 2433 761 2512 ignavis
775 2451 829 2514 per
849 2433 912 2494 leca
933 2434 1011 2494 lerre
1033 2432 1151 2513 pedem,
1196 2429 1199 2434 ’

402 2515 524 2578 iuduere
546 2527 575 2580 et
596 2536 711 2589 mores,
734 2526 883 2577 contracta
906 2514 1017 2588 fronte,
1042 2537 1181 2588 severos,

321 2607 361 2662 to
484 2600 581 2679 Atque
603 2599 745 2679 puellares
767 2615 905 2679 spernere
928 2597 1100 2661 blanditias..

401 2683 484 2743 llaec
504 2683 621 2762 loquor:
647 2681 684 2742 ad
702 2683 729 2742 si
750 2701 796 2742 nne
818 2681 939 2762 placidis
962 2685 1101 2764 spectarit
1120 2683 1245 2757 ocellis,

487 2765 570 2842 Quae
592 2765 674 2845 lugat
694 2775 812 2846 aspectu
833 2765 929 2826 nulrila
950 2779 1052 2826 cuncta
1073 2787 1145 2840 suo,

375 2847 378 2854 ’
402 2848 495 2925 Quam
516 2867 637 2923 vereor,
660 2869 704 2922 ne
717 2869 784 2910 mox
803 2849 874 2913 mihi
897 2849 984 2910 multa
1006 2861 1035 2910 et
1055 2871 1159 2928 magna
1177 2851 1273 2912 locuto
1398 2931 1400 2938 Α

486 2933 591 2994 Omnia
611 2952 675 2994 cum
698 2931 775 2994 laste
797 2933 883 2994 fortia
903 2934 992 2994 verba
1013 2933 1134 2994 cadant!
1152 2939 1177 2996 ⁸.
1207 3013 1216 3024 .

522 3080 620 3146 xcv.
665 3081 719 3144 nu
746 3081 1122 3166 rouuuuunuuur.

400 3166 621 3343 CumFmpidus
642 3197 735 3342 medlqo
753 3198 885 3342 'desaqpit
906 3201 1081 3344 inpeeqqqre
1103 3201 1207 3343 Titppo,
1238 3291 1246 3300 .
1290 3179 1295 3186 x

400 3363 473 3428 Cum
494 3303 566 3448 pddi’t
573 3301 674 3439 ,Plddff
686 3301 894 3448 inqlclitquepss
902 3305 1319 3442 ’adndduledmdlsldeadridrendum,

485 3449 543 3526 Qui
566 3468 640 3510 nune
662 3459 720 3510 tum
741 3451 829 3510 multo
849 3451 954 3531 proluit
974 3451 1065 3512 imbre
1087 3453 1196 3511 solum:
1303 3505 1306 3510 .

338 3535 358 3588 e
401 3531 450 3594 sic
473 3553 564 3595 uacua
584 3553 602 3594 a
625 3542 692 3612 potu
713 3553 769 3594 non
792 3553 912 3614 unquam
936 3545 1063 3616 tempora
1084 3533 1179 3606 ducit,

485 3615 601 3697 Corque
623 3615 720 3689 bibat,
746 3635 861 3698 semper
878 3617 1059 3678 Pontilianus
1080 3617 1177 3678 hahet.

532 3764 647 3830 xcvi.
689 3741 858 3830 rsrao
888 3767 1111 3846 oururro.

398 3849 441 3940 si
462 3876 535 3954 dea,
558 3901 631 3961 quae
651 3877 746 3945 dubiis
769 3881 825 3946 duc
847 3883 915 3946 illuc
936 3885 1069 3966 passibus
1090 3885 1194 3958 errat,·
1255 3888 1258 3894 ’

482 3962 524 4024 Et
545 3967 622 4045 regit
643 3966 799 4041 humanas,
823 3969 929 4029 lunniue
950 3979 1051 4049 cepta,
1075 3969 1172 4041 vices,

398 4043 490 4120 Quem
512 4044 719 4130 Labyrinthcis
743 4052 889 4113 erroribus
911 4053 987 4134 egit,
1009 4051 1147 4133 Ulyssem

413 4193 414 4196 ,
482 4129 530 4192 Ad
555 4134 663 4212 patrios
688 4145 769 4195 esset
789 4155 876 4216 passa
896 4155 999 4196 serere
1020 4135 1117 4195 locos:

328 4213 354 4268 e
395 4209 583 4293 Membraque
602 4208 720 4297 lausque
739 4219 795 4278 viri
819 4219 926 4279 tumulo
949 4213 1120 4302 caperentdr
1142 4217 1261 4290 eodem,
1312 4264 1315 4273 s

482 4296 523 4356 Et
542 4309 661 4379 tegeret¹
676 4321 796 4374 nomen,
819 4298 867 4382 quii
889 4303 963 4380 tegit
982 4322 1068 4373 ossa,
1091 4303 1177 4380 lapis.

395 4374 437 4436 At
458 4383 589 4459 quoniam
613 4383 678 4444 latis
700 4386 781 4447 varic
795 4383 966 4482 ⁸crudelibus
989 4397 1086 4460 aetus,
