2960 5070
212 179 344 311 ‘aas‘
471 313 492 333 ,Ν
592 233 762 300 uteru
787 233 908 298 ιιιιιι

403 404 455 468 Sia
476 397 615 501 qqondem
636 401 704 464 latis
725 399 860 464 Cerealia
882 403 993 468 semine
1014 405 1123 485 eampis

318 485 392 549 Cum
412 488 543 569 spargit,
564 486 702 580 plenaque
724 505 808 546 mann
828 485 962 548 diffundit
982 499 1099 564 arator,

257 575 299 633 stt
318 569 393 632 Pars
414 569 519 632 eadit
511 590 541 629 ιιι
562 575 683 630 cautes
682 587 826 668 sueoqque
843 573 972 632 carentia
994 591 1086 646 saxa3
1145 601 1159 630 ι

321 655 397 717 Pars
418 655 520 716 leviter
539 663 636 714 terrae
658 653 743 712 nullis
766 651 911 714 radicibus
933 653 1052 727 haeret,

321 737 418 819 Atque
438 737 516 798 illam
535 736 668 798 volueres
689 737 792 797 rostris
798 737 981 836 populantur
1002 737 1114 811 acutis,

246 825 250 852 ¹
321 822 397 884 Pars
419 822 504 882 etiam
524 820 555 880 in
576 819 672 880 sulcos
694 831 777 899 atque
797 819 911 901 ipsein
933 821 1046 882 viscera
1067 821 1160 884 fertur
1274 844 1276 852 ·

322 903 483 978 Telluris,
492 903 658 983 gremioque
679 902 740 963 illie
759 915 897 983 concepta
917 904 1010 966 tenaci

259 991 303 1052 db
303 989 423 1090 Fruge
444 1007 516 1048 nova
538 986 667 1048 dominos
689 987 852 1084 opulentet,
877 998 907 1050 et
926 986 1031 1051 horrea
1051 987 1247 1087 complet.

408 1070 551 1151 Odrysios
574 1069 716 1130 tandem
703 1091 737 1132 ιι
761 1071 855 1144 lines,
878 1069 1015 1151 adoperta
1036 1072 1146 1150 pruinis
1230 1136 1239 1152 η

237 1173 244 1184 ’
322 1153 423 1228 Αιιι,
447 1154 627 1234 bipennifero
647 1151 786 1252 quondam
806 1165 927 1233 regnata
946 1153 1103 1253 Lycurgo,

321 1239 479 1311 Pervenit,
498 1247 530 1298 et
552 1247 663 1300 torvae
671 1238 825 1316 purissima
848 1248 965 1319 pectora
980 1239 1081 1316 gentis

322 1322 438 1386 Insoliti
460 1331 554 1380 tamen
573 1321 680 1400 eloquii
703 1318 852 1382 duleedine
874 1321 988 1380 mulcet.

263 1411 305 1467 ert
410 1403 592 1466 Conveniunt
610 1405 732 1501 flavique
753 1403 844 1464 Cetae
866 1404 992 1485 pictique
1013 1402 1116 1476 Gelord
1128 1445 1139 1474 ,
1252 1428 1253 1435 ι

324 1490 461 1568 Quosque
484 1488 605 1566 imposte
625 1487 707 1565 uagis
728 1490 820 1568 agitat
839 1485 938 1548 donnus
960 1505 1054 1546 annue
1074 1487 1232 1567 plaustris,

324 1570 553 1651 cornipedisque
572 1571 617 1630 sui
641 1571 741 1630 solitus
765 1582 865 1650 potare
887 1589 1019 1632 eruorem

325 1657 473 1727 Sarmata,
498 1673 624 1734 quasque
646 1653 763 1714 alins
739 1675 857 1714 srnuosa
876 1654 1029 1715 binominis
1051 1647 1121 1713 Istri

325 1739 402 1819 llipa
424 1738 504 1798 vehit
523 1748 646 1816 gentes,
669 1737 771 1818 rigidis
792 1735 879 1798 eorda
899 1737 994 1798 obsite
1016 1736 1107 1810 setis,
1197 1771 1198 1774 ι

155 1826 224 1899 Ιιιι
266 1827 307 1882 70
326 1821 535 1900 Paullatimque
556 1832 652 1883 truces
673 1819 784 1884 animos
807 1820 951 1900 odoreque
973 1829 1080 1900 ponunt

326 1903 423 1968 Corda
443 1905 556 1965 volente
576 1902 663 1977 Deo,
685 1914 716 1965 et
735 1905 834 1966 moniti
852 1905 975 1966 meliora
996 1915 1159 1982 capessunt.
1229 1968 1232 1977 ,

262 1982 266 1990 ’
408 1986 511 2049 Editus
533 1988 579 2048 his
601 1989 673 2067 ipsis
694 1989 762 2050 olim
786 1988 952 2067 regionibus
974 1986 1109 2066 Orpheus

323 2069 459 2136 Creditus
480 2083 526 2132 est
547 2069 760 2151 eenturliquido
782 2071 940 2151 fidibusque
960 2069 1075 2132 sonoris

324 2155 366 2216 llt
386 2155 494 2234 rabiens
517 2153 659 2216 derasisse
682 2155 754 2216 ieris
776 2166 805 2216 et
827 2157 932 2218 sistere
954 2155 1042 2215 iussis
1151 2216 1158 2230 .

262 2244 303 2300 78
323 2239 522 2312 Fluminibus,
546 2240 633 2300 silvas
655 2252 719 2318 post
739 2259 772 2300 se
793 2240 919 2300 traxisse
941 2246 1106 2317 soquentes.

1349 959 1394 1032 Τ

408 2324 518 2385 Verior
537 2323 584 2382 hio
605 2322 757 2401 Orpbeus,
781 2323 910 2383 homines
932 2323 997 2400 qui,
1021 2321 1120 2382 vivere
1139 2333 1224 2404 rapto
1312 2318 1316 2337 '
1372 2355 1378 2366 ·

324 2401 469 2467 Assuotos
492 2407 618 2486 solisque
639 2406 725 2466 sibi'
717 2427 762 2466 rus
785 2426 892 2487 ponere
913 2405 944 2464 in
965 2405 1094 2481 armis,

325 2473 471 2563 Quosdam
495 2489 580 2550 etiam
601 2490 712 2562 eaesis,
736 2491 837 2552 ieritas
859 2487 1003 2551 horrenda
1024 2488 1136 2564 relatu,

324 2572 495 2654 Hospitibus
516 2572 596 2634 vesei
621 2582 651 2632 et
672 2583 766 2633 seetos
787 2574 817 2632 iu
839 2570 960 2650 grandia
983 2571 1076 2632 frusta

263 2659 304 2716 80
324 2654 386 2716 Aut
406 2667 519 2716 torrere
540 2673 608 2716 veru
631 2666 680 2715 aut
701 2656 812 2716 mollire
833 2655 996 2736 tepentibus
1019 2653 1124 2752 uptiis,

280 2740 464 2820 Tullaque
485 2737 637 2798 obscoenis
659 2741 807 2820 imponere
825 2738 935 2800 fereula
956 2739 1082 2812 mensis,

325 2823 387 2904 lmp
388 2823 475 2884 ulerit
495 2822 579 2884 lando
602 2823 675 2882 ritus
688 2824 813 2922 vabolere
833 2821 972 2898 nefandos
982 2865 995 2894 ,

324 2845 387 2967 lltp
385 2907 466 2988 rpius
486 2905 574 2966 eiiera
595 2900 700 2966 solla
689 2927 718 2966 tn
721 2928 758 2986 go
778 2907 944 2970 submittere
966 2903 1089 2964 Christi.

385 2929 523 3070 plamque
543 2989 754 3071 Borysthenios
777 2992 879 3051 fluetus
901 2988 1075 3086 nitidumque
1095 2985 1272 3082 Dyraspes,
1346 3016 1350 3020 ·

264 3073 440 3154 beuique
462 3072 623 3153 Europaeis
644 3074 747 3134 Asiam
770 3072 951 3134 disterminat
972 3092 1067 3143 arvus,

324 3155 497 3220 Multihduur
516 3157 649 3229 Tanain,
671 3168 773 3237 teque,
795 3177 813 3216 o
835 3175 940 3218 saxose
960 3155 1116 3236 Cynapos,

221 3302 223 3306 .
324 3239 463 3320 Quaeque
484 3238 540 3300 ulia
561 3259 598 3300 ex
619 3199 677 3300 alta
699 3251 810 3322 speetat
829 3241 913 3320 piger
933 3257 1001 3300 aree
1023 3237 1183 3316 Bootes,

324 3324 452 3384 Plurima
474 3341 547 3383 nuno
569 3323 698 3397 retibus,
720 3345 793 3385 nuno
817 3325 915 3404 pervia
935 3323 1050 3382 llumina
1071 3307 1227 3402 plaustris,

324 3407 380 3470 llla
401 3426 514 3468 saorunr
534 3403 644 3468 Christi
665 3421 833 3508 pervaserat
853 3407 948 3468 omnia
968 3425 1088 3467 nomen.

262 3493 304 3550 90
323 3491 416 3552 Unum
438 3509 535 3550 omnes
558 3487 749 3550 Christum
725 3513 805 3572 rupae
826 3509 966 3592 unumque
986 3501 1068 3550 antra
1090 3487 1239 3552 sonabant.

409 3572 481 3633 Cum
504 3573 612 3642 senior,
639 3575 721 3638 Sat
713 3595 769 3636 ram
792 3576 849 3648 bis,
871 3575 973 3654 inquit,
995 3571 1162 3651 regionibus
1183 3584 1290 3640 aetum.

324 3655 480 3728 Perboiet,
503 3656 576 3736 quod
596 3655 699 3731 deest,
723 3661 770 3738 qui
792 3659 904 3758 perlicit
925 3657 1038 3728 omnia,
1061 3653 1207 3720 Christus.

316 3740 503 3886 Quaeramus
524 3761 597 3801 nova
610 3761 726 3821 regne,
749 3741 810 3804 odit
830 3742 953 3805 viatoria
974 3759 1091 3818 segnes.

348 3824 461 3884 ubstitit
482 3824 553 3894 haee
574 3824 650 3884 fatus
670 3825 815 3905 paullum
839 3825 905 3887 dein
928 3825 1034 3884 lumine
1056 3821 1136 3885 eaelo

262 3911 304 3966 bb
325 3905 486 3981 Attollens,
510 3907 638 3986 Sequor,
662 3928 746 3988 eene,
771 3930 893 3990 sequor,
916 3925 1082 4006 quqounque
1103 3906 1234 3968 vocaris·

323 3991 368 4053 Tu
390 3989 472 4052 modo
493 3993 638 4070 praesenti
662 4005 784 4054 mentem
805 3995 873 4053 mihi
897 3993 1010 4052 numine
1032 3991 1123 4050 lirma.

406 4075 458 4136 ste
480 4075 572 4148 fatur,
596 4095 783 4160 gressumque
801 4077 837 4138 ad
859 4075 988 4137 Achaica
1008 4073 1109 4153 dirigit
1128 4091 1216 4148 arva,

295 4288 338 4334 Vs.
352 4289 392 4335 62.
421 4287 458 4335 Cf.
480 4289 547 4344 vua.
567 4290 630 4338 Aen.
649 4293 692 4339 111.
713 4290 752 4339 ll.
773 4291 837 4338 unde
856 4288 1035 4338 hemistichium
1049 4287 1171 4343 posterius
1184 4291 1335 4340 ιιιιιιιιιιιιιιι

238 4347 290 4406 est,
306 4349 331 4392 et
345 4345 415 4394 ovid.
428 4348 487 4394 Met.
502 4348 543 4396 tv.
558 4347 597 4395 ιι.
612 4349 676 4397 unde
691 4349 814 4408 epitheton
828 4348 939 4396 eooessd.
966 4349 1059 4402 Nonas.
1151 4391 1154 4398 .
