2960 5070
425 362 428 368 ,
459 285 589 352 eoum
610 283 712 349 um.
732 282 848 350 navt.

234 463 350 543 Quique
370 459 484 522 llorenti
507 453 582 516 male
604 471 692 514 sanus
713 471 786 514 aero
825 455 828 464 ⁴
855 458 866 480 ·
1036 461 1059 490 ⁶

232 549 285 610 Nil
305 545 363 612 nisi
385 543 576 612 obscoenum,
592 539 681 622 piget
701 536 777 609 hen,
800 535 955 613 canebam,
1050 597 1051 601 ,

170 639 211 698 eu
231 632 318 695 Nunc
339 640 416 689 tuum
437 635 544 687 tantum
566 632 693 703 repetam
715 618 800 682 senili
1055 627 1058 636 “
1081 627 1087 636 ·

428 719 433 732 ·
611 702 748 765 Carmine
768 723 883 765 nomm.

231 798 278 859 Tu
297 813 408 876 quoqne
429 791 503 851 hune
524 789 598 851 votis
621 786 827 867 precibusque,
848 787 953 864 ll'ulvi,
1049 803 1052 810 ’

231 880 346 943 Adiuva
369 876 516 938 ardorem:
539 871 710 952 ¹quotiesque
731 870 821 930 suauis

139 1007 144 1020 ι
232 951 390 1048 ΜῩεῑίοιιιιι
412 958 524 1020 Christi
546 953 676 1036 trepidus
698 953 834 1012 nitentem
905 955 963 1002 ·l
1056 961 1096 1014 ,α’

168 1053 212 1112 4ο
386 1034 390 1054 “
426 1049 440 1062 ·’
611 1036 724 1116 Corpus
748 1033 784 1094 ad
805 1056 904 1097 arama
962 1061 965 1066 ·

148 1116 151 1125 ⁵
230 1131 333 1194 Mente
354 1139 422 1188 tunc
445 1137 539 1186 tecum
562 1121 681 1193 memori
703 1120 834 1180 volutans
919 1149 922 1154 ¹

129 1266 133 1272 .
229 1213 327 1278 Trade
348 1231 394 1274 me
414 1207 552 1271 Christo!
570 1221 634 1264 mea
654 1213 721 1263 vota
741 1213 805 1263 nam
827 1204 855 1263 si

230 1298 389 1378 Negligat,
413 1296 493 1348 certe
514 1285 566 1344 tibi
590 1286 631 1344 uil
653 1287 761 1362 petenti
1061 1337 1063 1347 ,

175 1395 179 1402 ’
259 1409 287 1452 ,¹
513 1371 518 1378 '
611 1367 685 1429 Tale
704 1367 833 1448 negabit.
926 1374 954 1390 ‘¹

106 1453 133 1496 ’·
166 1472 208 1530 ee
226 1457 292 1519 Hoc
313 1453 389 1514 idem
411 1452 471 1513 cari
494 1449 563 1511 mihi
584 1463 730 1531 praestet,
752 1473 823 1523 oro,
896 1498 899 1503 .

145 1613 148 1618 Ι
228 1539 308 1618 Cura
329 1535 467 1608 Maliaci,
492 1546 522 1608 et
543 1551 607 1607 mea
630 1534 707 1596 dieta
728 1533 869 1614 quonlam
933 1533 942 1554 ⁸

229 1623 289 1699 Qui
312 1622 398 1682 nimis
419 1621 519 1681 iorsan
542 1618 645 1700 cupida
665 1619 783 1681 bibebat
831 1691 835 1700 Ι

331 1771 338 1782 ,
455 1705 458 1710 ’
518 1777 519 1782 ¹
583 1698 732 1763 'Bentius
755 1722 838 1763 aure.

226 1788 366 1861 Bentius,
389 1805 472 1867 quem
493 1775 601 1848 r'eetum
624 1787 683 1848 iter
701 1796 917 1864 evaganteme

164 1879 208 1936 tto
229 1872 392 1952 Etparum
413 1881 497 1934 cauta
520 1869 643 1931 calidum
666 1870 784 1932 iuventa

227 1956 359 2034 Contigit
379 1955 463 2034 virga
484 1952 567 2016 Deus
582 1954 618 2014 'in
640 1973 778 2033 suumque

605 2035 699 2098 Duxit
719 2037 824 2098 ovile·
915 2051 917 2058 ’

226 2122 331 2195 Nune,
355 2120 404 2181 uhi
426 2121 555 2200 expletus
572 2121 696 2184 *meliore
716 2129 855 2184 mentem.
879 2139 883 2150 ·

228 2206 361 2278 Pabulo,
381 2205 472 2264 currit
494 2225 548 2284 per
568 2205 626 2266 iter
648 2205 768 2276 salutis,
878 2215 880 2220 ’

162 2297 205 2353 ὃὸ
225 2291 310 2364 llcu,
332 2288 433 2370 procul
454 2308 573 2368 segnem
594 2297 646 2348 su'a
667 2299 732 2368 post
755 2285 920 2372 relinquens

215 2383 226 2408 ⁶
605 2373 708 2451 Terga'
726 2372 904 2450 magistrum.

254 2521 370 2586 xuv1.
395 2491 500 2604 re)
519 2497 816 2587 'rnuucrsco
834 2505 1045 2586 'euuuro
1107 2477 1112 2489 ’

162 2723 172 2744 ,,
223 2644 345 2748 Bene,
367 2672 439 2736 nihil
460 2691 525 2748 me,
549 2673 751 2750 sicutenim,
775 2675 854 2735 iuvat
943 2745 947 2754 Ι

18 2783 32 2818 t
310 2755 452 2836 Pervigili
473 2757 569 2818 studio
590 2759 631 2819 nil
652 2760 801 2838 profutura
823 2775 981 2838 quaerere3

225 2842 291 2904 Nec
313 2861 383 2920 quas
405 2861 458 2922 per
478 2840 565 2902 urbes
587 2853 705 2915 cautus,
731 2844 829 2926 excisa
852 2843 923 2914 llio,

311 2926 389 2986 Saxa
410 2925 526 2984 Ithacae
550 2936 702 3005 repetens,
724 2926 841 2987 Laertie
864 2925 970 2986 errarit
988 2945 1077 3007 puer3

184 3015 206 3070 ll
228 3008 292 3070 Nec
314 3019 382 3088 quot
401 3009 570 3070 ithacenses
590 3008 750 3090 pharmacis
773 3008 860 3070 Circe
881 3019 1002 3090 petens,
1200 3035 1262 3092 nm

310 3093 400 3155 Vultu
422 3092 563 3152 homiuum
586 3095 697 3175 posito,
721 3094 859 3174 grunnire
881 3113 983 3173 porcos
1006 3093 1136 3179 iusserit.

226 3172 323 3236 Curae
347 3176 438 3254 magis
463 3174 501 3236 ml
524 3187 587 3250 est,
611 3177 701 3238 lustra
723 3179 778 3239 iam
800 3175 898 3237 ‹leccm
921 3178 1011 3240 miser

311 3259 450 3334 Qualibus
473 3261 502 3320 in
523 3261 602 3320 vitiis
623 3260 731 3322 delirus
754 3263 817 3344 ipse
839 3262 1014 3323 erraverim:

105 3411 109 3418 ι
226 3337 300 3402 Cum
320 3363 383 3416 me,
406 3342 465 3404 Dei
487 3345 535 3404 vix
556 3345 611 3404 iam
635 3357 767 3407 manente
787 3343 929 3424 imagine,
1098 3345 1101 3354 '

162 3429 205 3488 ll)
309 3426 466 3487 Mortifera
487 3427 620 3488 induerat
641 3428 753 3490 localem
773 3427 902 3509 voluptas
926 3429 956 3488 iu
978 3447 1071 3490 suem.

226 3509 301 3586 Quis
325 3530 369 3570 me
392 3522 527 3590 sequetur
548 3513 675 3586 fruetus,
698 3513 746 3571 uhi
770 3531 948 3592 permovere,

313 3594 391 3669 Quot
413 3595 487 3656 mala
507 3596 684 3676 Graiugenis
704 3595 830 3656 Achillis
853 3597 898 3657 ira
918 3596 1079 3658 invexerita

228 3676 279 3739 Sic
301 3679 428 3740 nesciam
449 3699 590 3753 vesanus,
613 3681 643 3740 in
665 3699 737 3760 quae
758 3699 802 3740 me
824 3680 898 3739 mala
1161 3734 1172 3750 ,

310 3760 502 3842 Praecipitem
524 3765 568 3825 ira
588 3763 665 3837 Dei,
689 3764 747 3824 nisi
770 3764 956 3844 resipiscam,
979 3773 1080 3824 actura
1100 3762 1163 3825 sit‘l

165 3842 206 3902 te
227 3841 286 3906 Hei
306 3842 345 3904 mi
368 3845 493 3919 laboris,
518 3849 573 3907 heu
595 3845 703 3908 dierum
726 3867 761 3908 ac
783 3848 923 3919 noctium,

311 3928 391 4005 Quas
414 3932 529 3992 memini
551 3933 579 3992 iu
600 3930 702 3992 studiis
724 3931 894 3992 uncialibus
916 3949 1104 4006 consumere3

154 4068 159 4081 x
225 4009 306 4074 Male
328 4025 514 4088 metuentem,
536 4017 656 4096 nequis
680 4035 796 4094 usquam
818 4015 977 4094 aequalium

311 4093 427 4158 Certius
452 4117 488 4160 ac
508 4101 609 4160 melius
632 4099 729 4181 plures
751 4109 862 4160 teneret
883 4097 1006 4160 labulas.

226 4175 267 4238 Et
287 4187 380 4240 tamen
401 4181 436 4242 ah
457 4185 556 4262 aequis
582 4205 637 4245 nou
659 4194 777 4262 gravate
798 4181 956 4264 improvida

161 4267 205 4324 20
307 4263 454 4326 lodicibus
474 4269 586 4334 ueniam
608 4267 742 4328 fortassis
763 4261 843 4330 aetas
864 4269 1005 4348 impetret.

154 4415 190 4477 e)
206 4415 303 4461 Patren
316 4417 359 4462 aut
371 4416 436 4472 pem
450 4416 530 4466 notari
544 4420 612 4478 nuto,
627 4423 655 4464 ut
668 4415 740 4464 XLV.
770 4417 816 4464 ra·
845 4486 849 4490 1
