<?xml version="1.0" encoding="UTF-8"?>
<!DOCTYPE html PUBLIC "-//W3C//DTD XHTML 1.0 Transitional//EN"
    "http://www.w3.org/TR/xhtml1/DTD/xhtml1-transitional.dtd">
<html xmlns="http://www.w3.org/1999/xhtml" xml:lang="en" lang="en">
 <head>
  <title>
</title>
<meta http-equiv="Content-Type" content="text/html;charset=utf-8" />
  <meta name='ocr-system' content='tesseract 3.04.00' />
  <meta name='ocr-capabilities' content='ocr_page ocr_carea ocr_par ocr_line ocrx_word'/>
</head>
<body>
  <div class='ocr_page' id='page_1' title='image "./mantoniimuretio00lazegoog_0110.png"; bbox 0 0 2978 5068; ppageno 0'>
   <div class='ocr_carea' id='block_1_1' title="bbox 259 330 948 416">
    <p class='ocr_par' dir='ltr' id='par_1_1' title="bbox 259 330 948 416">
     <span class='ocr_line' id='line_1_1' title="bbox 259 330 948 416; baseline 0.004 -15"><span class='ocrx_word' id='word_1_1' title='bbox 259 347 322 416; x_wconf 73' lang='grc' dir='ltr'>ιω</span> <span class='ocrx_word' id='word_1_2' title='bbox 629 383 634 391; x_wconf 77' lang='lat'><em>,</em></span> <span class='ocrx_word' id='word_1_3' title='bbox 680 330 796 406; x_wconf 80' lang='lat' dir='ltr'>thtttl</span> <span class='ocrx_word' id='word_1_4' title='bbox 818 341 948 406; x_wconf 78' lang='lat' dir='ltr'>Pltlttl.</span> 
     </span>
    </p>
   </div>
   <div class='ocr_carea' id='block_1_2' title="bbox 200 505 1483 3424">
    <p class='ocr_par' dir='ltr' id='par_1_2' title="bbox 260 505 1354 762">
     <span class='ocr_line' id='line_1_2' title="bbox 260 505 1352 594; baseline -0.005 -18"><span class='ocrx_word' id='word_1_5' title='bbox 260 514 344 593; x_wconf 85' lang='lat' dir='ltr'>regni</span> <span class='ocrx_word' id='word_1_6' title='bbox 365 509 562 572; x_wconf 74' lang='lat' dir='ltr'>cancellarius</span> <span class='ocrx_word' id='word_1_7' title='bbox 584 519 645 584; x_wconf 89' lang='lat' dir='ltr'>ost,</span> <span class='ocrx_word' id='word_1_8' title='bbox 666 505 822 594; x_wconf 53' lang='lat' dir='ltr'>litteraffi)</span> <span class='ocrx_word' id='word_1_9' title='bbox 845 506 879 570; x_wconf 88' lang='lat' dir='ltr'>ad</span> <span class='ocrx_word' id='word_1_10' title='bbox 901 527 947 571; x_wconf 87' lang='lat' dir='ltr'>me</span> <span class='ocrx_word' id='word_1_11' title='bbox 970 519 1150 591; x_wconf 73' lang='lat' dir='ltr'>peramanter</span> <span class='ocrx_word' id='word_1_12' title='bbox 1173 529 1280 590; x_wconf 79' lang='lat' dir='ltr'>perque</span> <span class='ocrx_word' id='word_1_13' title='bbox 1300 508 1352 570; x_wconf 82' lang='lat' dir='ltr'>lio-</span> 
     </span>
     <span class='ocr_line' id='line_1_3' title="bbox 261 590 1354 676; baseline -0.003 -18"><span class='ocrx_word' id='word_1_14' title='bbox 261 597 379 658; x_wconf 86' lang='lat' dir='ltr'>norllice</span> <span class='ocrx_word' id='word_1_15' title='bbox 393 596 513 676; x_wconf 83' lang='lat' dir='ltr'>scriptas</span> <span class='ocrx_word' id='word_1_16' title='bbox 529 590 617 655; x_wconf 81' lang='lat' dir='ltr'><strong>dedit.</strong></span> <span class='ocrx_word' id='word_1_17' title='bbox 661 592 826 652; x_wconf 80' lang='lat' dir='ltr'>Commotus</span> <span class='ocrx_word' id='word_1_18' title='bbox 839 612 900 653; x_wconf 83' lang='lat' dir='ltr'>sum</span> <span class='ocrx_word' id='word_1_19' title='bbox 913 611 969 653; x_wconf 89' lang='lat' dir='ltr'>non</span> <span class='ocrx_word' id='word_1_20' title='bbox 982 605 1039 653; x_wconf 82' lang='lat' dir='ltr'>tam</span> <span class='ocrx_word' id='word_1_21' title='bbox 1055 593 1146 672; x_wconf 80' lang='lat' dir='ltr'>ipsius</span> <span class='ocrx_word' id='word_1_22' title='bbox 1160 596 1279 673; x_wconf 86' lang='lat' dir='ltr'>praemii</span> <span class='ocrx_word' id='word_1_23' title='bbox 1293 613 1354 656; x_wconf 79' lang='lat' dir='ltr'>me·</span> 
     </span>
     <span class='ocr_line' id='line_1_4' title="bbox 262 674 1354 762; baseline -0.002 -22"><span class='ocrx_word' id='word_1_24' title='bbox 262 678 426 762; x_wconf 87' lang='lat' dir='ltr'>gnitudine,</span> <span class='ocrx_word' id='word_1_25' title='bbox 449 679 503 737; x_wconf 87' lang='lat' dir='ltr'>etsi</span> <span class='ocrx_word' id='word_1_26' title='bbox 522 676 569 736; x_wconf 81' lang='lat' dir='ltr'>hie</span> <span class='ocrx_word' id='word_1_27' title='bbox 592 674 704 755; x_wconf 82' lang='lat' dir='ltr'>quidem</span> <span class='ocrx_word' id='word_1_28' title='bbox 726 677 899 754; x_wconf 79' lang='lat' dir='ltr'>temporibus</span> <span class='ocrx_word' id='word_1_29' title='bbox 914 677 1071 749; x_wconf 82' lang='lat' dir='ltr'>inusitata,</span> <span class='ocrx_word' id='word_1_30' title='bbox 1093 695 1175 754; x_wconf 85' lang='lat' dir='ltr'>quam</span> <span class='ocrx_word' id='word_1_31' title='bbox 1189 680 1260 737; x_wconf 88' lang='lat' dir='ltr'>tanti</span> <span class='ocrx_word' id='word_1_32' title='bbox 1274 676 1354 756; x_wconf 85' lang='lat' dir='ltr'>regis</span> 
     </span>
    </p>

    <p class='ocr_par' dir='ltr' id='par_1_3' title="bbox 200 759 1483 2174">
     <span class='ocr_line' id='line_1_5' title="bbox 200 759 1355 842; baseline -0.003 -19"><span class='ocrx_word' id='word_1_33' title='bbox 200 789 206 798; x_wconf 82' lang='lat'>·</span> <span class='ocrx_word' id='word_1_34' title='bbox 262 777 319 824; x_wconf 90' lang='lat' dir='ltr'>tam</span> <span class='ocrx_word' id='word_1_35' title='bbox 345 780 486 842; x_wconf 83' lang='lat' dir='ltr'>propensa</span> <span class='ocrx_word' id='word_1_36' title='bbox 506 779 539 820; x_wconf 90' lang='lat' dir='ltr'>ac</span> <span class='ocrx_word' id='word_1_37' title='bbox 558 759 685 822; x_wconf 79' lang='lat' dir='ltr'>benefica</span> <span class='ocrx_word' id='word_1_38' title='bbox 704 777 776 837; x_wconf 86' lang='lat' dir='ltr'>erga</span> <span class='ocrx_word' id='word_1_39' title='bbox 794 759 921 818; x_wconf 83' lang='lat' dir='ltr'>homines</span> <span class='ocrx_word' id='word_1_40' title='bbox 945 759 1102 820; x_wconf 79' lang='lat' dir='ltr'>litterarum</span> <span class='ocrx_word' id='word_1_41' title='bbox 1122 759 1224 820; x_wconf 84' lang='lat' dir='ltr'>stadiis</span> <span class='ocrx_word' id='word_1_42' title='bbox 1242 759 1355 820; x_wconf 88' lang='lat' dir='ltr'>deditos</span> 
     </span>
     <span class='ocr_line' id='line_1_6' title="bbox 262 839 1357 923; baseline -0.005 -15"><span class='ocrx_word' id='word_1_43' title='bbox 262 848 417 908; x_wconf 82' lang='lat' dir='ltr'>uoluntate.</span> <span class='ocrx_word' id='word_1_44' title='bbox 460 842 563 922; x_wconf 79' lang='lat' dir='ltr'>Neque</span> <span class='ocrx_word' id='word_1_45' title='bbox 580 863 626 902; x_wconf 86' lang='lat' dir='ltr'>me</span> <span class='ocrx_word' id='word_1_46' title='bbox 643 842 966 918; x_wconf 77' lang='lat' dir='ltr'>commovebetitincria</span> <span class='ocrx_word' id='word_1_47' title='bbox 991 839 1161 902; x_wconf 68' lang='lat' dir='ltr'>difficultates</span> <span class='ocrx_word' id='word_1_48' title='bbox 1187 843 1234 922; x_wconf 91' lang='lat' dir='ltr'>qui</span> <span class='ocrx_word' id='word_1_49' title='bbox 1258 843 1357 923; x_wconf 83' lang='lat' dir='ltr'>explo-</span> 
     </span>
     <span class='ocr_line' id='line_1_7' title="bbox 264 925 1361 1006; baseline -0.004 -15"><span class='ocrx_word' id='word_1_50' title='bbox 264 941 362 991; x_wconf 84' lang='lat' dir='ltr'>ratum</span> <span class='ocrx_word' id='word_1_51' title='bbox 375 926 527 997; x_wconf 84' lang='lat' dir='ltr'>haberem,</span> <span class='ocrx_word' id='word_1_52' title='bbox 551 945 614 985; x_wconf 93' lang='lat' dir='ltr'>cum</span> <span class='ocrx_word' id='word_1_53' title='bbox 638 926 757 997; x_wconf 79' lang='lat' dir='ltr'>lectica,</span> <span class='ocrx_word' id='word_1_54' title='bbox 780 945 836 985; x_wconf 85' lang='lat' dir='ltr'>uua</span> <span class='ocrx_word' id='word_1_55' title='bbox 857 945 920 986; x_wconf 90' lang='lat' dir='ltr'>cnm</span> <span class='ocrx_word' id='word_1_56' title='bbox 939 925 1027 986; x_wconf 90' lang='lat' dir='ltr'>liliolo</span> <span class='ocrx_word' id='word_1_57' title='bbox 1049 926 1151 984; x_wconf 79' lang='lat' dir='ltr'>fratris</span> <span class='ocrx_word' id='word_1_58' title='bbox 1169 927 1244 998; x_wconf 78' lang='lat' dir='ltr'>mei,</span> <span class='ocrx_word' id='word_1_59' title='bbox 1266 943 1361 1006; x_wconf 61' lang='lat' dir='ltr'>puero*</span> 
     </span>
     <span class='ocr_line' id='line_1_8' title="bbox 265 1006 1356 1092; baseline -0.003 -20"><span class='ocrx_word' id='word_1_60' title='bbox 265 1033 317 1072; x_wconf 83' lang='lat' dir='ltr'>sex</span> <span class='ocrx_word' id='word_1_61' title='bbox 342 1029 430 1070; x_wconf 87' lang='lat' dir='ltr'>annos</span> <span class='ocrx_word' id='word_1_62' title='bbox 453 1019 530 1082; x_wconf 86' lang='lat' dir='ltr'>nato,</span> <span class='ocrx_word' id='word_1_63' title='bbox 551 1027 635 1092; x_wconf 86' lang='lat' dir='ltr'>quem</span> <span class='ocrx_word' id='word_1_64' title='bbox 660 1027 768 1086; x_wconf 85' lang='lat' dir='ltr'>mecum</span> <span class='ocrx_word' id='word_1_65' title='bbox 792 1009 860 1072; x_wconf 90' lang='lat' dir='ltr'>illuc</span> <span class='ocrx_word' id='word_1_66' title='bbox 881 1007 986 1070; x_wconf 90' lang='lat' dir='ltr'>ducere</span> <span class='ocrx_word' id='word_1_67' title='bbox 1007 1008 1181 1088; x_wconf 74' lang='lat' dir='ltr'><strong>cogitabam,</strong></span> <span class='ocrx_word' id='word_1_68' title='bbox 1204 1006 1241 1069; x_wconf 91' lang='lat' dir='ltr'>ad</span> <span class='ocrx_word' id='word_1_69' title='bbox 1260 1011 1356 1069; x_wconf 84' lang='lat' dir='ltr'>lanum</span> 
     </span>
     <span class='ocr_line' id='line_1_9' title="bbox 266 1083 1357 1173; baseline 0.001 -19"><span class='ocrx_word' id='word_1_70' title='bbox 266 1095 475 1166; x_wconf 87' lang='lat' dir='ltr'>Lauretanum,</span> <span class='ocrx_word' id='word_1_71' title='bbox 500 1083 557 1173; x_wconf 75' lang='lat' dir='ltr'>(co&#39;</span> <span class='ocrx_word' id='word_1_72' title='bbox 572 1092 665 1165; x_wconf 62' lang='lat' dir='ltr'>enim3</span> <span class='ocrx_word' id='word_1_73' title='bbox 690 1092 839 1172; x_wconf 80' lang='lat' dir='ltr'>religionis</span> <span class='ocrx_word' id='word_1_74' title='bbox 859 1112 893 1154; x_wconf 88' lang='lat' dir='ltr'>ac</span> <span class='ocrx_word' id='word_1_75' title='bbox 907 1092 1025 1172; x_wconf 89' lang='lat' dir='ltr'>pietatis</span> <span class='ocrx_word' id='word_1_76' title='bbox 1041 1111 1163 1164; x_wconf 78' lang='lat' dir='ltr'><strong>caussa,</strong></span> <span class='ocrx_word' id='word_1_77' title='bbox 1188 1093 1244 1152; x_wconf 88' lang='lat' dir='ltr'>iter</span> <span class='ocrx_word' id='word_1_78' title='bbox 1259 1092 1357 1156; x_wconf 82' lang='lat' dir='ltr'>lacere</span> 
     </span>
     <span class='ocr_line' id='line_1_10' title="bbox 267 1169 1358 1255; baseline 0 -19"><span class='ocrx_word' id='word_1_79' title='bbox 267 1169 450 1238; x_wconf 81' lang='lat' dir='ltr'>decreveram</span> <span class='ocrx_word' id='word_1_80' title='bbox 460 1171 488 1255; x_wconf 84' lang='lat'>‚)</span> <span class='ocrx_word' id='word_1_81' title='bbox 518 1185 647 1252; x_wconf 88' lang='lat' dir='ltr'>gestatus</span> <span class='ocrx_word' id='word_1_82' title='bbox 669 1184 781 1246; x_wconf 83' lang='lat' dir='ltr'>essent,</span> <span class='ocrx_word' id='word_1_83' title='bbox 809 1193 895 1255; x_wconf 86' lang='lat' dir='ltr'>posse</span> <span class='ocrx_word' id='word_1_84' title='bbox 917 1195 962 1234; x_wconf 88' lang='lat' dir='ltr'>me</span> <span class='ocrx_word' id='word_1_85' title='bbox 983 1175 1056 1235; x_wconf 87' lang='lat' dir='ltr'>cisio</span> <span class='ocrx_word' id='word_1_86' title='bbox 1076 1172 1243 1235; x_wconf 76' lang='lat' dir='ltr'>Graeculam</span> <span class='ocrx_word' id='word_1_87' title='bbox 1268 1195 1358 1255; x_wconf 87' lang='lat' dir='ltr'>nsque</span> 
     </span>
     <span class='ocr_line' id='line_1_11' title="bbox 266 1257 1358 1336; baseline -0.002 -16"><span class='ocrx_word' id='word_1_88' title='bbox 266 1257 494 1320; x_wconf 89' lang='lat' dir='ltr'>commodissime</span> <span class='ocrx_word' id='word_1_89' title='bbox 507 1257 583 1317; x_wconf 83' lang='lat' dir='ltr'>vehi.</span> <span class='ocrx_word' id='word_1_90' title='bbox 627 1257 668 1317; x_wconf 83' lang='lat' dir='ltr'>Et</span> <span class='ocrx_word' id='word_1_91' title='bbox 684 1259 739 1317; x_wconf 91' lang='lat' dir='ltr'>iam</span> <span class='ocrx_word' id='word_1_92' title='bbox 754 1268 943 1330; x_wconf 89' lang='lat' dir='ltr'>convenerat,</span> <span class='ocrx_word' id='word_1_93' title='bbox 964 1268 997 1317; x_wconf 90' lang='lat' dir='ltr'>nt</span> <span class='ocrx_word' id='word_1_94' title='bbox 1015 1257 1083 1318; x_wconf 84' lang='lat' dir='ltr'>milti</span> <span class='ocrx_word' id='word_1_95' title='bbox 1101 1259 1179 1336; x_wconf 88' lang='lat' dir='ltr'>regis</span> <span class='ocrx_word' id='word_1_96' title='bbox 1195 1261 1308 1318; x_wconf 89' lang='lat' dir='ltr'>nomine</span> <span class='ocrx_word' id='word_1_97' title='bbox 1321 1258 1358 1319; x_wconf 90' lang='lat' dir='ltr'>ad</span> 
     </span>
     <span class='ocr_line' id='line_1_12' title="bbox 268 1338 1360 1431; baseline -0.002 -27"><span class='ocrx_word' id='word_1_98' title='bbox 268 1346 324 1404; x_wconf 86' lang='lat' dir='ltr'>iter</span> <span class='ocrx_word' id='word_1_99' title='bbox 338 1339 540 1402; x_wconf 82' lang='lat' dir='ltr'>conficiendum</span> <span class='ocrx_word' id='word_1_100' title='bbox 557 1338 694 1401; x_wconf 89' lang='lat' dir='ltr'>darentur</span> <span class='ocrx_word' id='word_1_101' title='bbox 706 1341 827 1400; x_wconf 78' lang='lat' dir='ltr'>trecenti</span> <span class='ocrx_word' id='word_1_102' title='bbox 841 1340 919 1400; x_wconf 88' lang='lat' dir='ltr'>aurei</span> <span class='ocrx_word' id='word_1_103' title='bbox 936 1341 1030 1431; x_wconf 48' lang='lat' dir='ltr'>numj&#39;,</span> <span class='ocrx_word' id='word_1_104' title='bbox 1054 1339 1090 1398; x_wconf 88' lang='lat' dir='ltr'>ad</span> <span class='ocrx_word' id='word_1_105' title='bbox 1103 1361 1172 1420; x_wconf 89' lang='lat' dir='ltr'>quos</span> <span class='ocrx_word' id='word_1_106' title='bbox 1189 1361 1242 1420; x_wconf 92' lang='lat' dir='ltr'>ego</span> <span class='ocrx_word' id='word_1_107' title='bbox 1255 1342 1360 1402; x_wconf 89' lang='lat' dir='ltr'>duceu-</span> 
     </span>
     <span class='ocr_line' id='line_1_13' title="bbox 269 1422 1359 1502; baseline 0.002 -18"><span class='ocrx_word' id='word_1_108' title='bbox 269 1439 314 1488; x_wconf 85' lang='lat' dir='ltr'>tos</span> <span class='ocrx_word' id='word_1_109' title='bbox 331 1423 367 1490; x_wconf 90' lang='lat' dir='ltr'>de</span> <span class='ocrx_word' id='word_1_110' title='bbox 381 1445 444 1484; x_wconf 91' lang='lat' dir='ltr'>meo</span> <span class='ocrx_word' id='word_1_111' title='bbox 458 1435 606 1502; x_wconf 70' lang='lat' dir='ltr'>practerea</span> <span class='ocrx_word' id='word_1_112' title='bbox 623 1422 727 1484; x_wconf 81' lang='lat' dir='ltr'>addere</span> <span class='ocrx_word' id='word_1_113' title='bbox 743 1424 912 1500; x_wconf 71' lang='lat' dir='ltr'>cogitabam.</span> <span class='ocrx_word' id='word_1_114' title='bbox 956 1423 1016 1484; x_wconf 90' lang='lat' dir='ltr'>lam</span> <span class='ocrx_word' id='word_1_115' title='bbox 1030 1423 1099 1486; x_wconf 87' lang='lat' dir='ltr'>mihi</span> <span class='ocrx_word' id='word_1_116' title='bbox 1115 1423 1184 1486; x_wconf 89' lang='lat' dir='ltr'>illud</span> <span class='ocrx_word' id='word_1_117' title='bbox 1199 1428 1359 1496; x_wconf 79' lang='lat' dir='ltr'>sanctitatis</span> 
     </span>
     <span class='ocr_line' id='line_1_14' title="bbox 270 1505 1361 1588; baseline -0.001 -18"><span class='ocrx_word' id='word_1_118' title='bbox 270 1521 300 1570; x_wconf 92' lang='lat' dir='ltr'>et</span> <span class='ocrx_word' id='word_1_119' title='bbox 325 1507 469 1568; x_wconf 72' lang='lat' dir='ltr'>‹lontrinae</span> <span class='ocrx_word' id='word_1_120' title='bbox 497 1508 660 1586; x_wconf 85' lang='lat' dir='ltr'>specimen,</span> <span class='ocrx_word' id='word_1_121' title='bbox 684 1507 845 1566; x_wconf 79' lang='lat' dir='ltr'>Stanlslaus</span> <span class='ocrx_word' id='word_1_122' title='bbox 869 1505 1231 1580; x_wconf 83' lang='lat' dir='ltr'>Cardinalls&#39;Varmicnsis</span> <span class='ocrx_word' id='word_1_123' title='bbox 1252 1511 1361 1588; x_wconf 87' lang='lat' dir='ltr'>gratui-</span> 
     </span>
     <span class='ocr_line' id='line_1_15' title="bbox 269 1587 1358 1670; baseline 0.001 -19"><span class='ocrx_word' id='word_1_124' title='bbox 269 1603 326 1652; x_wconf 89' lang='lat' dir='ltr'>tam</span> <span class='ocrx_word' id='word_1_125' title='bbox 350 1591 552 1654; x_wconf 79' lang='lat' dir='ltr'>habitationem</span> <span class='ocrx_word' id='word_1_126' title='bbox 574 1590 603 1648; x_wconf 89' lang='lat' dir='ltr'>in</span> <span class='ocrx_word' id='word_1_127' title='bbox 626 1588 750 1668; x_wconf 79' lang='lat' dir='ltr'>palatio,</span> <span class='ocrx_word' id='word_1_128' title='bbox 773 1587 847 1668; x_wconf 91' lang='lat' dir='ltr'>quod</span> <span class='ocrx_word' id='word_1_129' title='bbox 868 1588 1025 1652; x_wconf 84' lang='lat' dir='ltr'>Cracoviae</span> <span class='ocrx_word' id='word_1_130' title='bbox 1042 1587 1127 1650; x_wconf 80' lang='lat' dir='ltr'>labet</span> <span class='ocrx_word' id='word_1_131' title='bbox 1144 1591 1358 1670; x_wconf 86' lang='lat' dir='ltr'>amplissimum,</span> 
     </span>
     <span class='ocr_line' id='line_1_16' title="bbox 271 1671 1483 1794; baseline 0.002 -60"><span class='ocrx_word' id='word_1_132' title='bbox 271 1674 419 1734; x_wconf 82' lang='lat' dir='ltr'>offerebat.</span> <span class='ocrx_word' id='word_1_133' title='bbox 463 1672 607 1733; x_wconf 83' lang='lat' dir='ltr'>lllultaea</span> <span class='ocrx_word' id='word_1_134' title='bbox 627 1674 743 1730; x_wconf 87' lang='lat' dir='ltr'>summis</span> <span class='ocrx_word' id='word_1_135' title='bbox 764 1674 835 1732; x_wconf 86' lang='lat' dir='ltr'>viris</span> <span class='ocrx_word' id='word_1_136' title='bbox 852 1674 964 1734; x_wconf 89' lang='lat' dir='ltr'>litterae</span> <span class='ocrx_word' id='word_1_137' title='bbox 979 1671 1225 1735; x_wconf 81' lang='lat' dir='ltr'>commendatitiae</span> <span class='ocrx_word' id='word_1_138' title='bbox 1241 1677 1270 1734; x_wconf 94' lang='lat' dir='ltr'>in</span> <span class='ocrx_word' id='word_1_139' title='bbox 1286 1676 1361 1737; x_wconf 86' lang='lat' dir='ltr'>Ger·</span> <span class='ocrx_word' id='word_1_140' title='bbox 1482 1715 1483 1794; x_wconf 64' lang='lat' dir='ltr'>q</span> 
     </span>
     <span class='ocr_line' id='line_1_17' title="bbox 273 1754 1373 1835; baseline 0.002 -18"><span class='ocrx_word' id='word_1_141' title='bbox 273 1759 395 1818; x_wconf 87' lang='lat' dir='ltr'>maniam</span> <span class='ocrx_word' id='word_1_142' title='bbox 418 1767 448 1815; x_wconf 94' lang='lat' dir='ltr'>ct</span> <span class='ocrx_word' id='word_1_143' title='bbox 468 1756 499 1814; x_wconf 89' lang='lat' dir='ltr'>in</span> <span class='ocrx_word' id='word_1_144' title='bbox 522 1754 671 1814; x_wconf 89' lang='lat' dir='ltr'>Poloniam</span> <span class='ocrx_word' id='word_1_145' title='bbox 693 1755 851 1834; x_wconf 84' lang='lat' dir='ltr'>promissae</span> <span class='ocrx_word' id='word_1_146' title='bbox 874 1767 973 1816; x_wconf 83' lang='lat' dir='ltr'>erant:</span> <span class='ocrx_word' id='word_1_147' title='bbox 1011 1768 1041 1816; x_wconf 94' lang='lat' dir='ltr'>nt</span> <span class='ocrx_word' id='word_1_148' title='bbox 1064 1776 1126 1816; x_wconf 90' lang='lat' dir='ltr'>cum</span> <span class='ocrx_word' id='word_1_149' title='bbox 1149 1777 1183 1817; x_wconf 92' lang='lat' dir='ltr'>eo</span> <span class='ocrx_word' id='word_1_150' title='bbox 1202 1761 1373 1835; x_wconf 67' lang='lat' dir='ltr'>venissem,-</span> 
     </span>
     <span class='ocr_line' id='line_1_18' title="bbox 273 1835 1357 1922; baseline 0.002 -19"><span class='ocrx_word' id='word_1_151' title='bbox 273 1859 412 1922; x_wconf 88' lang='lat' dir='ltr'>nunqnam</span> <span class='ocrx_word' id='word_1_152' title='bbox 435 1839 500 1900; x_wconf 87' lang='lat' dir='ltr'>lere·</span> <span class='ocrx_word' id='word_1_153' title='bbox 515 1839 544 1895; x_wconf 92' lang='lat' dir='ltr'>in</span> <span class='ocrx_word' id='word_1_154' title='bbox 567 1835 788 1922; x_wconf 79' lang='lat' dir='ltr'>diversoria**)</span> <span class='ocrx_word' id='word_1_155' title='bbox 814 1839 926 1919; x_wconf 87' lang='lat' dir='ltr'>publica</span> <span class='ocrx_word' id='word_1_156' title='bbox 949 1837 1061 1918; x_wconf 80' lang='lat' dir='ltr'>ingredi</span> <span class='ocrx_word' id='word_1_157' title='bbox 1075 1859 1195 1904; x_wconf 86' lang='lat' dir='ltr'>necesse</span> <span class='ocrx_word' id='word_1_158' title='bbox 1211 1841 1357 1906; x_wconf 81' lang='lat' dir='ltr'>haberem</span> 
     </span>
     <span class='ocr_line' id='line_1_19' title="bbox 271 1919 1454 2003; baseline 0.004 -19"><span class='ocrx_word' id='word_1_159' title='bbox 271 1923 374 2001; x_wconf 78' lang='lat' dir='ltr'>Neque</span> <span class='ocrx_word' id='word_1_160' title='bbox 399 1921 521 1981; x_wconf 85' lang='lat' dir='ltr'>verebar</span> <span class='ocrx_word' id='word_1_161' title='bbox 540 1919 634 1992; x_wconf 85' lang='lat' dir='ltr'>illam,</span> <span class='ocrx_word' id='word_1_162' title='bbox 650 1939 731 2003; x_wconf 69' lang='lat' dir='ltr'>=quae</span> <span class='ocrx_word' id='word_1_163' title='bbox 748 1923 777 1980; x_wconf 93' lang='lat' dir='ltr'>in</span> <span class='ocrx_word' id='word_1_164' title='bbox 790 1920 912 1981; x_wconf 90' lang='lat' dir='ltr'>Polonia</span> <span class='ocrx_word' id='word_1_165' title='bbox 928 1937 994 1981; x_wconf 87' lang='lat' dir='ltr'>esse</span> <span class='ocrx_word' id='word_1_166' title='bbox 1009 1921 1131 1995; x_wconf 90' lang='lat' dir='ltr'>dicitur,</span> <span class='ocrx_word' id='word_1_167' title='bbox 1154 1925 1363 1988; x_wconf 85' lang='lat' dir='ltr'>inclementiam</span> <span class='ocrx_word' id='word_1_168' title='bbox 1449 1949 1454 1966; x_wconf 81' lang='lat'><strong>·</strong></span> 
     </span>
     <span class='ocr_line' id='line_1_20' title="bbox 271 2005 1483 2084; baseline 0.002 -16"><span class='ocrx_word' id='word_1_169' title='bbox 271 2007 344 2068; x_wconf 89' lang='lat' dir='ltr'>caeli</span> <span class='ocrx_word' id='word_1_170' title='bbox 361 2005 597 2084; x_wconf 86' lang='lat' dir='ltr'>asperitatemque</span> <span class='ocrx_word' id='word_1_171' title='bbox 614 2005 744 2084; x_wconf 89' lang='lat' dir='ltr'>lrigoris.</span> <span class='ocrx_word' id='word_1_172' title='bbox 783 2005 913 2065; x_wconf 85' lang='lat' dir='ltr'>Sciebam</span> <span class='ocrx_word' id='word_1_173' title='bbox 929 2005 979 2064; x_wconf 86' lang='lat' dir='ltr'>illa</span> <span class='ocrx_word' id='word_1_174' title='bbox 994 2007 1087 2066; x_wconf 90' lang='lat' dir='ltr'>omnia</span> <span class='ocrx_word' id='word_1_175' title='bbox 1101 2026 1133 2068; x_wconf 85' lang='lat' dir='ltr'>re</span> <span class='ocrx_word' id='word_1_176' title='bbox 1152 2007 1238 2070; x_wconf 89' lang='lat' dir='ltr'>multo</span> <span class='ocrx_word' id='word_1_177' title='bbox 1253 2011 1364 2072; x_wconf 86' lang='lat' dir='ltr'>minora</span> <span class='ocrx_word' id='word_1_178' title='bbox 1482 2047 1483 2056; x_wconf 29' lang='grc' dir='ltr'><strong>κ</strong></span> 
     </span>
     <span class='ocr_line' id='line_1_21' title="bbox 272 2071 1483 2174; baseline 0.007 -25"><span class='ocrx_word' id='word_1_179' title='bbox 272 2110 339 2150; x_wconf 90' lang='lat' dir='ltr'>osse</span> <span class='ocrx_word' id='word_1_180' title='bbox 363 2107 445 2168; x_wconf 93' lang='lat' dir='ltr'>quam</span> <span class='ocrx_word' id='word_1_181' title='bbox 469 2088 558 2146; x_wconf 72' lang='lat' dir='ltr'>lama:</span> <span class='ocrx_word' id='word_1_182' title='bbox 582 2098 612 2146; x_wconf 93' lang='lat' dir='ltr'>et</span> <span class='ocrx_word' id='word_1_183' title='bbox 632 2085 825 2171; x_wconf 67' lang='lat' dir='ltr'>alioqui***)</span> <span class='ocrx_word' id='word_1_184' title='bbox 846 2089 936 2148; x_wconf 88' lang='lat' dir='ltr'>sumi</span> <span class='ocrx_word' id='word_1_185' title='bbox 958 2107 990 2148; x_wconf 89' lang='lat' dir='ltr'>sc</span> <span class='ocrx_word' id='word_1_186' title='bbox 1013 2107 1123 2172; x_wconf 91' lang='lat' dir='ltr'>quoque</span> <span class='ocrx_word' id='word_1_187' title='bbox 1139 2102 1220 2151; x_wconf 90' lang='lat' dir='ltr'>natus</span> <span class='ocrx_word' id='word_1_188' title='bbox 1240 2093 1269 2152; x_wconf 90' lang='lat' dir='ltr'>in</span> <span class='ocrx_word' id='word_1_189' title='bbox 1283 2106 1365 2174; x_wconf 88' lang='lat' dir='ltr'>parte</span> <span class='ocrx_word' id='word_1_190' title='bbox 1482 2071 1483 2140; x_wconf 80' lang='lat' dir='ltr'>l</span> 
     </span>
    </p>

    <p class='ocr_par' dir='ltr' id='par_1_4' title="bbox 212 2109 1365 2672">
     <span class='ocr_line' id='line_1_22' title="bbox 212 2109 1364 2258; baseline 0.005 -26"><span class='ocrx_word' id='word_1_191' title='bbox 212 2185 217 2202; x_wconf 73' lang='lat'><em>⁴</em></span> <span class='ocrx_word' id='word_1_192' title='bbox 272 2173 386 2232; x_wconf 87' lang='lat' dir='ltr'>Galliae</span> <span class='ocrx_word' id='word_1_193' title='bbox 405 2170 526 2234; x_wconf 86' lang='lat' dir='ltr'>maxime</span> <span class='ocrx_word' id='word_1_194' title='bbox 550 2182 679 2232; x_wconf 91' lang='lat' dir='ltr'>montosa</span> <span class='ocrx_word' id='word_1_195' title='bbox 702 2190 735 2230; x_wconf 91' lang='lat' dir='ltr'>ae</span> <span class='ocrx_word' id='word_1_196' title='bbox 757 2170 874 2250; x_wconf 82' lang='lat' dir='ltr'>frigida.</span> <span class='ocrx_word' id='word_1_197' title='bbox 928 2109 1012 2248; x_wconf 50' lang='lat' dir='ltr'>duod</span> <span class='ocrx_word' id='word_1_198' title='bbox 1040 2185 1133 2234; x_wconf 88' lang='lat' dir='ltr'>autem</span> <span class='ocrx_word' id='word_1_199' title='bbox 1155 2174 1297 2256; x_wconf 60' lang='lat' dir='ltr'>quidam,&#39;</span> <span class='ocrx_word' id='word_1_200' title='bbox 1315 2180 1364 2258; x_wconf 90' lang='lat' dir='ltr'>qui</span> 
     </span>
     <span class='ocr_line' id='line_1_23' title="bbox 271 2253 1363 2338; baseline 0.007 -24"><span class='ocrx_word' id='word_1_201' title='bbox 271 2255 419 2316; x_wconf 89' lang='lat' dir='ltr'>deterrere</span> <span class='ocrx_word' id='word_1_202' title='bbox 440 2274 484 2313; x_wconf 93' lang='lat' dir='ltr'>mc</span> <span class='ocrx_word' id='word_1_203' title='bbox 507 2264 660 2334; x_wconf 88' lang='lat' dir='ltr'>cuperent,</span> <span class='ocrx_word' id='word_1_204' title='bbox 683 2253 856 2325; x_wconf 87' lang='lat' dir='ltr'>clamabant,</span> <span class='ocrx_word' id='word_1_205' title='bbox 880 2265 981 2338; x_wconf 88' lang='lat' dir='ltr'>gentes</span> <span class='ocrx_word' id='word_1_206' title='bbox 1002 2255 1067 2315; x_wconf 88' lang='lat' dir='ltr'>illas</span> <span class='ocrx_word' id='word_1_207' title='bbox 1086 2258 1163 2316; x_wconf 84' lang='lat' dir='ltr'>lenas</span> <span class='ocrx_word' id='word_1_208' title='bbox 1179 2278 1212 2318; x_wconf 85' lang='lat' dir='ltr'>ac</span> <span class='ocrx_word' id='word_1_209' title='bbox 1226 2259 1363 2324; x_wconf 86' lang='lat' dir='ltr'>barbaras</span> 
     </span>
     <span class='ocr_line' id='line_1_24' title="bbox 273 2334 1365 2414; baseline 0.001 -16"><span class='ocrx_word' id='word_1_210' title='bbox 273 2357 359 2411; x_wconf 84' lang='lat' dir='ltr'>csse3</span> <span class='ocrx_word' id='word_1_211' title='bbox 385 2337 523 2404; x_wconf 88' lang='lat' dir='ltr'>interdum</span> <span class='ocrx_word' id='word_1_212' title='bbox 543 2334 612 2398; x_wconf 82' lang='lat' dir='ltr'>milti</span> <span class='ocrx_word' id='word_1_213' title='bbox 629 2337 736 2410; x_wconf 91' lang='lat' dir='ltr'>risum,</span> <span class='ocrx_word' id='word_1_214' title='bbox 759 2337 899 2414; x_wconf 85' lang='lat' dir='ltr'>interdum</span> <span class='ocrx_word' id='word_1_215' title='bbox 914 2339 1086 2398; x_wconf 88' lang='lat' dir='ltr'>stomachum</span> <span class='ocrx_word' id='word_1_216' title='bbox 1107 2341 1265 2406; x_wconf 82' lang='lat' dir='ltr'>movebant.</span> <span class='ocrx_word' id='word_1_217' title='bbox 1297 2344 1365 2408; x_wconf 71' lang='lat' dir='ltr'>Ma-</span> 
     </span>
     <span class='ocr_line' id='line_1_25' title="bbox 273 2419 1364 2506; baseline 0.002 -26"><span class='ocrx_word' id='word_1_218' title='bbox 273 2442 329 2500; x_wconf 88' lang='lat' dir='ltr'>gna</span> <span class='ocrx_word' id='word_1_219' title='bbox 353 2421 440 2491; x_wconf 84' lang='lat' dir='ltr'>mihi,</span> <span class='ocrx_word' id='word_1_220' title='bbox 466 2421 603 2492; x_wconf 86' lang='lat' dir='ltr'>Sacrate,</span> <span class='ocrx_word' id='word_1_221' title='bbox 626 2441 687 2482; x_wconf 91' lang='lat' dir='ltr'>cum</span> <span class='ocrx_word' id='word_1_222' title='bbox 711 2419 805 2478; x_wconf 90' lang='lat' dir='ltr'>multis</span> <span class='ocrx_word' id='word_1_223' title='bbox 825 2419 996 2493; x_wconf 82' lang='lat' dir='ltr'>Germanis,</span> <span class='ocrx_word' id='word_1_224' title='bbox 1021 2443 1120 2500; x_wconf 87' lang='lat' dir='ltr'>magna</span> <span class='ocrx_word' id='word_1_225' title='bbox 1139 2443 1199 2482; x_wconf 91' lang='lat' dir='ltr'>cum</span> <span class='ocrx_word' id='word_1_226' title='bbox 1216 2429 1364 2506; x_wconf 81' lang='lat' dir='ltr'>permultis</span> 
     </span>
     <span class='ocr_line' id='line_1_26' title="bbox 274 2501 1365 2584; baseline 0.004 -21"><span class='ocrx_word' id='word_1_227' title='bbox 274 2503 392 2564; x_wconf 89' lang='lat' dir='ltr'>Polonis</span> <span class='ocrx_word' id='word_1_228' title='bbox 403 2501 608 2582; x_wconf 57' lang='lat' dir='ltr'>familiaritas,</span> <span class='ocrx_word' id='word_1_229' title='bbox 629 2523 747 2582; x_wconf 89' lang='lat' dir='ltr'>magnus</span> <span class='ocrx_word' id='word_1_230' title='bbox 763 2523 849 2576; x_wconf 89' lang='lat' dir='ltr'>usus,</span> <span class='ocrx_word' id='word_1_231' title='bbox 873 2523 975 2584; x_wconf 86' lang='lat' dir='ltr'>magna</span> <span class='ocrx_word' id='word_1_232' title='bbox 990 2505 1170 2566; x_wconf 86' lang='lat' dir='ltr'>necessitudo</span> <span class='ocrx_word' id='word_1_233' title='bbox 1185 2509 1248 2571; x_wconf 86' lang='lat' dir='ltr'>luit.</span> <span class='ocrx_word' id='word_1_234' title='bbox 1281 2511 1365 2574; x_wconf 82' lang='lat' dir='ltr'>Sem-</span> 
     </span>
     <span class='ocr_line' id='line_1_27' title="bbox 271 2585 1365 2672; baseline 0.002 -26"><span class='ocrx_word' id='word_1_235' title='bbox 271 2608 324 2668; x_wconf 86' lang='lat' dir='ltr'>per</span> <span class='ocrx_word' id='word_1_236' title='bbox 343 2606 392 2646; x_wconf 91' lang='lat' dir='ltr'>eos</span> <span class='ocrx_word' id='word_1_237' title='bbox 408 2595 540 2668; x_wconf 84' lang='lat' dir='ltr'>expertus</span> <span class='ocrx_word' id='word_1_238' title='bbox 559 2603 619 2646; x_wconf 88' lang='lat' dir='ltr'>sum</span> <span class='ocrx_word' id='word_1_239' title='bbox 635 2585 832 2658; x_wconf 86' lang='lat' dir='ltr'>bonos&#39;viros,</span> <span class='ocrx_word' id='word_1_240' title='bbox 855 2597 962 2659; x_wconf 91' lang='lat' dir='ltr'>rectos,</span> <span class='ocrx_word' id='word_1_241' title='bbox 984 2589 1146 2672; x_wconf 40' lang='lat' dir='ltr'>simplicesp</span> <span class='ocrx_word' id='word_1_242' title='bbox 1163 2603 1290 2670; x_wconf 71' lang='lat' dir='ltr'>apertos,</span> <span class='ocrx_word' id='word_1_243' title='bbox 1313 2596 1365 2658; x_wconf 81' lang='lat' dir='ltr'>hu.</span> 
     </span>
    </p>

    <p class='ocr_par' dir='ltr' id='par_1_5' title="bbox 204 2665 1367 3090">
     <span class='ocr_line' id='line_1_28' title="bbox 204 2665 1364 2754; baseline 0.012 -28"><span class='ocrx_word' id='word_1_244' title='bbox 204 2678 250 2726; x_wconf 79' lang='lat' dir='ltr'>tet</span> <span class='ocrx_word' id='word_1_245' title='bbox 273 2665 454 2730; x_wconf 70' lang='lat' dir='ltr'>arcanissimus</span> <span class='ocrx_word' id='word_1_246' title='bbox 471 2667 645 2749; x_wconf 76' lang='lat' dir='ltr'>praeterea,&#39;</span> <span class='ocrx_word' id='word_1_247' title='bbox 664 2678 693 2727; x_wconf 89' lang='lat' dir='ltr'>ct</span> <span class='ocrx_word' id='word_1_248' title='bbox 710 2689 798 2750; x_wconf 91' lang='lat' dir='ltr'>prope</span> <span class='ocrx_word' id='word_1_249' title='bbox 814 2689 911 2730; x_wconf 87' lang='lat' dir='ltr'>omnes</span> <span class='ocrx_word' id='word_1_250' title='bbox 930 2689 964 2730; x_wconf 88' lang='lat' dir='ltr'>eo</span> <span class='ocrx_word' id='word_1_251' title='bbox 980 2672 1056 2732; x_wconf 77' lang='lat' dir='ltr'>vitae</span> <span class='ocrx_word' id='word_1_252' title='bbox 1073 2673 1150 2753; x_wconf 86' lang='lat' dir='ltr'>cultu</span> <span class='ocrx_word' id='word_1_253' title='bbox 1165 2694 1199 2734; x_wconf 89' lang='lat' dir='ltr'>ac</span> <span class='ocrx_word' id='word_1_254' title='bbox 1214 2677 1364 2754; x_wconf 87' lang='lat' dir='ltr'>munditia,</span> 
     </span>
     <span class='ocr_line' id='line_1_29' title="bbox 273 2749 1362 2842; baseline 0.009 -32"><span class='ocrx_word' id='word_1_255' title='bbox 273 2771 345 2832; x_wconf 89' lang='lat' dir='ltr'>quae</span> <span class='ocrx_word' id='word_1_256' title='bbox 371 2749 407 2810; x_wconf 90' lang='lat' dir='ltr'>ad</span> <span class='ocrx_word' id='word_1_257' title='bbox 432 2751 603 2832; x_wconf 78' lang='lat' dir='ltr'>elegantiam</span> <span class='ocrx_word' id='word_1_258' title='bbox 629 2752 724 2832; x_wconf 89' lang='lat' dir='ltr'>potius</span> <span class='ocrx_word' id='word_1_259' title='bbox 750 2772 831 2834; x_wconf 90' lang='lat' dir='ltr'>quam</span> <span class='ocrx_word' id='word_1_260' title='bbox 853 2752 993 2816; x_wconf 85' lang='lat' dir='ltr'>adullam</span> <span class='ocrx_word' id='word_1_261' title='bbox 1019 2751 1186 2823; x_wconf 85' lang='lat' dir='ltr'>lmrburiem¹</span> <span class='ocrx_word' id='word_1_262' title='bbox 1201 2759 1362 2842; x_wconf 81' lang='lat' dir='ltr'>accederet.</span> 
     </span>
     <span class='ocr_line' id='line_1_30' title="bbox 270 2833 1366 2924; baseline 0.009 -28"><span class='ocrx_word' id='word_1_263' title='bbox 270 2835 376 2913; x_wconf 88' lang='lat' dir='ltr'>Nugae</span> <span class='ocrx_word' id='word_1_264' title='bbox 398 2836 470 2894; x_wconf 90' lang='lat' dir='ltr'>istnc</span> <span class='ocrx_word' id='word_1_265' title='bbox 494 2845 560 2893; x_wconf 84' lang='lat' dir='ltr'>aunt</span> <span class='ocrx_word' id='word_1_266' title='bbox 582 2833 744 2907; x_wconf 86' lang='lat' dir='ltr'>hominum,</span> <span class='ocrx_word' id='word_1_267' title='bbox 768 2855 836 2908; x_wconf 88' lang='lat' dir='ltr'>eos,</span> <span class='ocrx_word' id='word_1_268' title='bbox 859 2837 905 2915; x_wconf 93' lang='lat' dir='ltr'>qui</span> <span class='ocrx_word' id='word_1_269' title='bbox 931 2835 1094 2902; x_wconf 85' lang='lat' dir='ltr'>adulari&#39;et</span> <span class='ocrx_word' id='word_1_270' title='bbox 1115 2839 1215 2904; x_wconf 77' lang='lat' dir='ltr'>fallere</span> <span class='ocrx_word' id='word_1_271' title='bbox 1242 2856 1271 2906; x_wconf 93' lang='lat' dir='ltr'>et</span> <span class='ocrx_word' id='word_1_272' title='bbox 1286 2838 1366 2924; x_wconf 77' lang='lat' dir='ltr'>aliud</span> 
     </span>
     <span class='ocr_line' id='line_1_31' title="bbox 271 2915 1367 3006; baseline 0.011 -30"><span class='ocrx_word' id='word_1_273' title='bbox 271 2919 364 2996; x_wconf 89' lang='lat' dir='ltr'>loqui,</span> <span class='ocrx_word' id='word_1_274' title='bbox 388 2915 463 2976; x_wconf 84' lang='lat' dir='ltr'>aliud</span> <span class='ocrx_word' id='word_1_275' title='bbox 482 2917 610 2996; x_wconf 87' lang='lat' dir='ltr'>cogitare</span> <span class='ocrx_word' id='word_1_276' title='bbox 632 2919 778 2990; x_wconf 85' lang='lat' dir='ltr'>nesciunt,</span> <span class='ocrx_word' id='word_1_277' title='bbox 801 2917 938 2978; x_wconf 81' lang='lat' dir='ltr'>barbaros</span> <span class='ocrx_word' id='word_1_278' title='bbox 959 2922 1129 2984; x_wconf 88' lang='lat' dir='ltr'>vocantium.</span> <span class='ocrx_word' id='word_1_279' title='bbox 1174 2922 1289 2988; x_wconf 88' lang='lat' dir='ltr'>Utinam</span> <span class='ocrx_word' id='word_1_280' title='bbox 1309 2950 1367 3006; x_wconf 50' lang='lat' dir='ltr'>uns,</span> 
     </span>
     <span class='ocr_line' id='line_1_32' title="bbox 271 2997 1364 3090; baseline 0.004 -30"><span class='ocrx_word' id='word_1_281' title='bbox 271 3019 307 3064; x_wconf 90' lang='lat' dir='ltr'>eo</span> <span class='ocrx_word' id='word_1_282' title='bbox 329 2997 412 3060; x_wconf 89' lang='lat' dir='ltr'>modo</span> <span class='ocrx_word' id='word_1_283' title='bbox 431 2999 546 3058; x_wconf 80' lang='lat' dir='ltr'>barbari</span> <span class='ocrx_word' id='word_1_284' title='bbox 573 3001 720 3061; x_wconf 89' lang='lat' dir='ltr'>essemus!</span> <span class='ocrx_word' id='word_1_285' title='bbox 752 3001 819 3064; x_wconf 86' lang='lat' dir='ltr'>Utri</span> <span class='ocrx_word' id='word_1_286' title='bbox 841 3022 909 3062; x_wconf 88' lang='lat' dir='ltr'>vero</span> <span class='ocrx_word' id='word_1_287' title='bbox 931 3001 1161 3090; x_wconf 61' lang='lat' dir='ltr'>inmemores-l)</span> <span class='ocrx_word' id='word_1_288' title='bbox 1184 3021 1269 3071; x_wconf 78' lang='lat' dir='ltr'>sunt:</span> <span class='ocrx_word' id='word_1_289' title='bbox 1302 3014 1364 3074; x_wconf 68' lang='lat' dir='ltr'>nuri</span> 
     </span>
    </p>

    <p class='ocr_par' dir='ltr' id='par_1_6' title="bbox 203 3071 1368 3424">
     <span class='ocr_line' id='line_1_33' title="bbox 203 3071 1364 3176; baseline 0.005 -34"><span class='ocrx_word' id='word_1_290' title='bbox 203 3071 210 3094; x_wconf 38' lang='lat' dir='ltr'>l</span> <span class='ocrx_word' id='word_1_291' title='bbox 271 3085 302 3142; x_wconf 85' lang='lat' dir='ltr'>iu</span> <span class='ocrx_word' id='word_1_292' title='bbox 326 3081 419 3143; x_wconf 84' lang='lat' dir='ltr'>media</span> <span class='ocrx_word' id='word_1_293' title='bbox 437 3081 539 3154; x_wconf 87' lang='lat' dir='ltr'>ltalia,</span> <span class='ocrx_word' id='word_1_294' title='bbox 565 3103 681 3162; x_wconf 92' lang='lat' dir='ltr'>quorum</span> <span class='ocrx_word' id='word_1_295' title='bbox 701 3084 763 3145; x_wconf 80' lang='lat' dir='ltr'>vix&#39;&#39;</span> <span class='ocrx_word' id='word_1_296' title='bbox 773 3087 957 3144; x_wconf 89' lang='lat' dir='ltr'>centesimum</span> <span class='ocrx_word' id='word_1_297' title='bbox 979 3105 1115 3169; x_wconf 82' lang='lat' dir='ltr'>quemque</span> <span class='ocrx_word' id='word_1_298' title='bbox 1139 3093 1285 3176; x_wconf 68' lang='lat' dir='ltr'>reperias,</span> <span class='ocrx_word' id='word_1_299' title='bbox 1315 3097 1364 3176; x_wconf 74' lang='lat' dir='ltr'>qui</span> 
     </span>
     <span class='ocr_line' id='line_1_34' title="bbox 270 3164 1364 3249; baseline 0.015 -23"><span class='ocrx_word' id='word_1_300' title='bbox 270 3165 375 3226; x_wconf 82' lang='lat' dir='ltr'>Latine</span> <span class='ocrx_word' id='word_1_301' title='bbox 398 3174 446 3224; x_wconf 92' lang='lat' dir='ltr'>aut</span> <span class='ocrx_word' id='word_1_302' title='bbox 471 3164 584 3226; x_wconf 87' lang='lat' dir='ltr'>Graece</span> <span class='ocrx_word' id='word_1_303' title='bbox 609 3167 684 3249; x_wconf 92' lang='lat' dir='ltr'>loqui</span> <span class='ocrx_word' id='word_1_304' title='bbox 705 3167 779 3227; x_wconf 89' lang='lat' dir='ltr'>sciat</span> <span class='ocrx_word' id='word_1_305' title='bbox 800 3180 847 3230; x_wconf 89' lang='lat' dir='ltr'>aut</span> <span class='ocrx_word' id='word_1_306' title='bbox 865 3169 974 3228; x_wconf 89' lang='lat' dir='ltr'>litteras</span> <span class='ocrx_word' id='word_1_307' title='bbox 1000 3171 1099 3232; x_wconf 81' lang='lat' dir='ltr'>amet?</span> <span class='ocrx_word' id='word_1_308' title='bbox 1119 3191 1154 3234; x_wconf 88' lang='lat' dir='ltr'>au</span> <span class='ocrx_word' id='word_1_309' title='bbox 1177 3173 1364 3242; x_wconf 86' lang='lat' dir='ltr'>Germaniae</span> 
     </span>
     <span class='ocr_line' id='line_1_35' title="bbox 270 3246 1365 3340; baseline 0.014 -32"><span class='ocrx_word' id='word_1_310' title='bbox 270 3246 391 3320; x_wconf 86' lang='lat' dir='ltr'>Poloni,</span> <span class='ocrx_word' id='word_1_311' title='bbox 410 3267 531 3328; x_wconf 90' lang='lat' dir='ltr'>quorum</span> <span class='ocrx_word' id='word_1_312' title='bbox 557 3249 689 3331; x_wconf 88' lang='lat' dir='ltr'>permulti</span> <span class='ocrx_word' id='word_1_313' title='bbox 709 3259 738 3310; x_wconf 85' lang='lat' dir='ltr'>et</span> <span class='ocrx_word' id='word_1_314' title='bbox 758 3269 855 3314; x_wconf 83' lang='lat' dir='ltr'>earum</span> <span class='ocrx_word' id='word_1_315' title='bbox 878 3252 1037 3330; x_wconf 88' lang='lat' dir='ltr'>linguarum</span> <span class='ocrx_word' id='word_1_316' title='bbox 1052 3265 1198 3338; x_wconf 82' lang='lat' dir='ltr'>utramque</span> <span class='ocrx_word' id='word_1_317' title='bbox 1213 3259 1365 3340; x_wconf 83' lang='lat' dir='ltr'>perfectis·</span> 
     </span>
     <span class='ocr_line' id='line_1_36' title="bbox 262 3327 1368 3424; baseline 0.007 -30"><span class='ocrx_word' id='word_1_318' title='bbox 262 3333 344 3394; x_wconf 47' lang='lat' dir='ltr'>*sime</span> <span class='ocrx_word' id='word_1_319' title='bbox 368 3331 488 3406; x_wconf 86' lang='lat' dir='ltr'>callent,</span> <span class='ocrx_word' id='word_1_320' title='bbox 499 3327 562 3416; x_wconf 54' lang='grc' dir='ltr'>ἢ)</span> <span class='ocrx_word' id='word_1_321' title='bbox 583 3341 612 3395; x_wconf 89' lang='lat' dir='ltr'>et</span> <span class='ocrx_word' id='word_1_322' title='bbox 631 3333 671 3395; x_wconf 91' lang='lat' dir='ltr'>ita</span> <span class='ocrx_word' id='word_1_323' title='bbox 688 3331 799 3395; x_wconf 81' lang='lat' dir='ltr'>litteras</span> <span class='ocrx_word' id='word_1_324' title='bbox 817 3353 852 3397; x_wconf 84' lang='lat' dir='ltr'>ac</span> <span class='ocrx_word' id='word_1_325' title='bbox 867 3332 1002 3398; x_wconf 84' lang='lat' dir='ltr'>liberales</span> <span class='ocrx_word' id='word_1_326' title='bbox 1019 3335 1184 3424; x_wconf 85' lang='lat' dir='ltr'>disciplinas</span> <span class='ocrx_word' id='word_1_327' title='bbox 1200 3353 1312 3418; x_wconf 86' lang='lat' dir='ltr'>amant,</span> <span class='ocrx_word' id='word_1_328' title='bbox 1335 3357 1368 3410; x_wconf 82' lang='lat' dir='ltr'>nt</span> 
     </span>
    </p>
   </div>
   <div class='ocr_carea' id='block_1_3' title="bbox 202 3489 1119 3737">
    <p class='ocr_par' dir='ltr' id='par_1_7' title="bbox 202 3489 1119 3737">
     <span class='ocr_line' id='line_1_37' title="bbox 278 3489 1119 3576; baseline 0.01 -18"><span class='ocrx_word' id='word_1_329' title='bbox 278 3495 306 3534; x_wconf 30' lang='lat'>¹*</span> <span class='ocrx_word' id='word_1_330' title='bbox 327 3509 359 3571; x_wconf 67' lang='lat' dir='ltr'>*J</span> <span class='ocrx_word' id='word_1_331' title='bbox 374 3516 424 3560; x_wconf 71' lang='lat' dir='ltr'>nes</span> <span class='ocrx_word' id='word_1_332' title='bbox 438 3513 514 3560; x_wconf 79' lang='lat' dir='ltr'>autes</span> <span class='ocrx_word' id='word_1_333' title='bbox 527 3511 592 3562; x_wconf 75' lang='lat' dir='ltr'>nitra</span> <span class='ocrx_word' id='word_1_334' title='bbox 606 3505 676 3570; x_wconf 82' lang='lat' dir='ltr'>cpts&#39;t.</span> <span class='ocrx_word' id='word_1_335' title='bbox 692 3493 733 3562; x_wconf 61' lang='lat' dir='ltr'>anss</span> <span class='ocrx_word' id='word_1_336' title='bbox 746 3513 818 3564; x_wconf 83' lang='lat' dir='ltr'>nutus</span> <span class='ocrx_word' id='word_1_337' title='bbox 832 3515 895 3564; x_wconf 84' lang='lat' dir='ltr'>libri.</span> <span class='ocrx_word' id='word_1_338' title='bbox 925 3491 1039 3568; x_wconf 69' lang='lat' dir='ltr'>Tuoula.</span> <span class='ocrx_word' id='word_1_339' title='bbox 1087 3489 1091 3498; x_wconf 34' lang='grc' dir='ltr'><strong><em>Ι</em></strong></span> <span class='ocrx_word' id='word_1_340' title='bbox 1116 3567 1119 3576; x_wconf 69' lang='grc'><strong>,</strong></span> 
     </span>
     <span class='ocr_line' id='line_1_38' title="bbox 273 3585 815 3642; baseline 0.022 -18"><span class='ocrx_word' id='word_1_341' title='bbox 273 3593 275 3596; x_wconf 95' lang='grc'><strong><em>·</em></strong></span> <span class='ocrx_word' id='word_1_342' title='bbox 328 3585 381 3641; x_wconf 77' lang='lat' dir='ltr'>un)</span> <span class='ocrx_word' id='word_1_343' title='bbox 396 3585 433 3632; x_wconf 77' lang='lat' dir='ltr'>cl.</span> <span class='ocrx_word' id='word_1_344' title='bbox 448 3587 503 3632; x_wconf 86' lang='lat' dir='ltr'>adn.</span> <span class='ocrx_word' id='word_1_345' title='bbox 519 3595 573 3642; x_wconf 76' lang='lat' dir='ltr'>pag,</span> <span class='ocrx_word' id='word_1_346' title='bbox 590 3587 688 3635; x_wconf 67' lang='lat' dir='ltr'>tetii.</span> <span class='ocrx_word' id='word_1_347' title='bbox 717 3589 762 3635; x_wconf 74' lang='lat' dir='ltr'>ltin</span> <span class='ocrx_word' id='word_1_348' title='bbox 812 3591 815 3598; x_wconf 75' lang='grc'><strong>“</strong></span> 
     </span>
     <span class='ocr_line' id='line_1_39' title="bbox 202 3655 760 3737; baseline 0.02 -42"><span class='ocrx_word' id='word_1_349' title='bbox 202 3719 209 3737; x_wconf 42' lang='grc'>1</span> <span class='ocrx_word' id='word_1_350' title='bbox 279 3655 282 3660; x_wconf 90' lang='grc'><strong>’</strong></span> <span class='ocrx_word' id='word_1_351' title='bbox 326 3657 397 3714; x_wconf 67' lang='lat' dir='ltr'>aen)</span> <span class='ocrx_word' id='word_1_352' title='bbox 412 3657 448 3709; x_wconf 80' lang='lat' dir='ltr'>cl.</span> <span class='ocrx_word' id='word_1_353' title='bbox 463 3661 518 3705; x_wconf 84' lang='lat' dir='ltr'>adm</span> <span class='ocrx_word' id='word_1_354' title='bbox 533 3671 588 3716; x_wconf 76' lang='lat' dir='ltr'>pag.</span> <span class='ocrx_word' id='word_1_355' title='bbox 603 3661 633 3706; x_wconf 80' lang='lat' dir='ltr'>tt.</span> <span class='ocrx_word' id='word_1_356' title='bbox 648 3661 686 3708; x_wconf 79' lang='grc'>76.</span> <span class='ocrx_word' id='word_1_357' title='bbox 715 3663 760 3707; x_wconf 73' lang='lat' dir='ltr'>Fa.</span> 
     </span>
    </p>
   </div>
   <div class='ocr_carea' id='block_1_4' title="bbox 222 3729 1481 3848">
    <p class='ocr_par' dir='ltr' id='par_1_8' title="bbox 222 3729 1481 3848">
     <span class='ocr_line' id='line_1_40' title="bbox 222 3729 1397 3814; baseline 0.014 -36"><span class='ocrx_word' id='word_1_358' title='bbox 222 3773 226 3778; x_wconf 88' lang='lat'><em>.</em></span> <span class='ocrx_word' id='word_1_359' title='bbox 326 3729 362 3790; x_wconf 80' lang='lat'>†)</span> <span class='ocrx_word' id='word_1_360' title='bbox 381 3733 493 3788; x_wconf 76' lang='lat' dir='ltr'>compar.</span> <span class='ocrx_word' id='word_1_361' title='bbox 508 3735 742 3802; x_wconf 69' lang='lat' dir='ltr'>toetmtormnalm</span> <span class='ocrx_word' id='word_1_362' title='bbox 754 3731 849 3780; x_wconf 55' lang='lat' dir='ltr'>omen&amp;</span> <span class='ocrx_word' id='word_1_363' title='bbox 861 3734 987 3792; x_wconf 74' lang='lat' dir='ltr'>scriptoris</span> <span class='ocrx_word' id='word_1_364' title='bbox 1000 3737 1145 3786; x_wconf 63' lang='lat' dir='ltr'>auctoretate</span> <span class='ocrx_word' id='word_1_365' title='bbox 1157 3736 1248 3789; x_wconf 76' lang='lat' dir='ltr'>nititur.</span> <span class='ocrx_word' id='word_1_366' title='bbox 1269 3745 1363 3794; x_wconf 71' lang='lat' dir='ltr'>tium</span> <span class='ocrx_word' id='word_1_367' title='bbox 1395 3808 1397 3814; x_wconf 28' lang='grc' dir='ltr'>Ι</span> 
     </span>
     <span class='ocr_line' id='line_1_41' title="bbox 264 3788 1481 3848; baseline 0.011 -15"><span class='ocrx_word' id='word_1_368' title='bbox 264 3803 299 3822; x_wconf 90' lang='grc'>·-</span> <span class='ocrx_word' id='word_1_369' title='bbox 312 3788 348 3834; x_wconf 79' lang='lat' dir='ltr'>,tt</span> <span class='ocrx_word' id='word_1_370' title='bbox 360 3788 449 3844; x_wconf 71' lang='lat' dir='ltr'>tegitur</span> <span class='ocrx_word' id='word_1_371' title='bbox 462 3791 527 3846; x_wconf 77' lang='lat' dir='ltr'>apud</span> <span class='ocrx_word' id='word_1_372' title='bbox 541 3791 610 3848; x_wconf 73' lang='lat' dir='ltr'>ovid.</span> <span class='ocrx_word' id='word_1_373' title='bbox 626 3791 699 3839; x_wconf 60' lang='lat' dir='ltr'>dmm.</span> <span class='ocrx_word' id='word_1_374' title='bbox 714 3793 744 3838; x_wconf 91' lang='lat' dir='ltr'>V.</span> <span class='ocrx_word' id='word_1_375' title='bbox 760 3795 783 3839; x_wconf 83' lang='lat' dir='ltr'>t.</span> <span class='ocrx_word' id='word_1_376' title='bbox 799 3793 837 3843; x_wconf 68' lang='lat' dir='ltr'>tt.</span> <span class='ocrx_word' id='word_1_377' title='bbox 914 3823 917 3830; x_wconf 84' lang='lat'>·</span> <span class='ocrx_word' id='word_1_378' title='bbox 1041 3807 1045 3823; x_wconf 90' lang='lat'>·</span> <span class='ocrx_word' id='word_1_379' title='bbox 1067 3814 1070 3825; x_wconf 87' lang='lat'><em>·</em></span> <span class='ocrx_word' id='word_1_380' title='bbox 1094 3818 1097 3827; x_wconf 45' lang='grc' dir='ltr'>ν</span> <span class='ocrx_word' id='word_1_381' title='bbox 1357 3836 1361 3844; x_wconf 95' lang='grc'>.</span> <span class='ocrx_word' id='word_1_382' title='bbox 1480 3803 1481 3846; x_wconf 82' lang='lat' dir='ltr'>l</span> 
     </span>
    </p>
   </div>
   <div class='ocr_carea' id='block_1_5' title="bbox 271 3829 1176 4004">
    <p class='ocr_par' dir='ltr' id='par_1_9' title="bbox 271 3829 1176 4004">
     <span class='ocr_line' id='line_1_42' title="bbox 508 3829 1176 3932; baseline 0.013 -24"><span class='ocrx_word' id='word_1_383' title='bbox 508 3863 562 3908; x_wconf 79' lang='lat' dir='ltr'>Non</span> <span class='ocrx_word' id='word_1_384' title='bbox 575 3865 630 3910; x_wconf 80' lang='lat' dir='ltr'>auu</span> <span class='ocrx_word' id='word_1_385' title='bbox 641 3865 687 3912; x_wconf 74' lang='lat' dir='ltr'>tua</span> <span class='ocrx_word' id='word_1_386' title='bbox 699 3864 820 3922; x_wconf 77' lang='lat' dir='ltr'>[sculpta]</span> <span class='ocrx_word' id='word_1_387' title='bbox 834 3876 879 3912; x_wconf 78' lang='lat' dir='ltr'>etto</span> <span class='ocrx_word' id='word_1_388' title='bbox 893 3829 1117 3932; x_wconf 29' lang='grc' dir='ltr'>ὺαηθᾷιῐιοναζιοεο.Ι</span> <span class='ocrx_word' id='word_1_389' title='bbox 1134 3919 1138 3930; x_wconf 71' lang='grc'><em>,</em></span> <span class='ocrx_word' id='word_1_390' title='bbox 1164 3897 1176 3927; x_wconf 80' lang='lat'>.:</span> 
     </span>
     <span class='ocr_line' id='line_1_43' title="bbox 271 3931 542 4004; baseline 0.011 -27"><span class='ocrx_word' id='word_1_391' title='bbox 271 3941 304 3978; x_wconf 80' lang='lat' dir='ltr'>ex</span> <span class='ocrx_word' id='word_1_392' title='bbox 318 3932 395 3977; x_wconf 80' lang='lat' dir='ltr'>Ponto</span> <span class='ocrx_word' id='word_1_393' title='bbox 410 3931 450 4004; x_wconf 79' lang='lat' dir='ltr'>ltl.</span> <span class='ocrx_word' id='word_1_394' title='bbox 466 3931 488 3980; x_wconf 75' lang='lat' dir='ltr'>t.</span> <span class='ocrx_word' id='word_1_395' title='bbox 504 3935 542 3980; x_wconf 76' lang='lat' dir='ltr'>to.</span> 
     </span>
    </p>
   </div>
   <div class='ocr_carea' id='block_1_6' title="bbox 483 4007 1023 4064">
    <p class='ocr_par' dir='ltr' id='par_1_10' title="bbox 483 4007 1023 4064">
     <span class='ocr_line' id='line_1_44' title="bbox 483 4007 1023 4064; baseline 0.011 -12"><span class='ocrx_word' id='word_1_396' title='bbox 483 4007 486 4016; x_wconf 82' lang='grc'><em>’</em></span> <span class='ocrx_word' id='word_1_397' title='bbox 506 4007 584 4053; x_wconf 69' lang='lat' dir='ltr'>socae</span> <span class='ocrx_word' id='word_1_398' title='bbox 598 4019 641 4053; x_wconf 85' lang='lat' dir='ltr'>auo</span> <span class='ocrx_word' id='word_1_399' title='bbox 654 4007 719 4064; x_wconf 73' lang='lat' dir='ltr'>rocio</span> <span class='ocrx_word' id='word_1_400' title='bbox 734 4011 876 4056; x_wconf 74' lang='lat' dir='ltr'>tmtctloro</span> <span class='ocrx_word' id='word_1_401' title='bbox 889 4011 950 4058; x_wconf 86' lang='lat' dir='ltr'>loc&#39;o.</span> <span class='ocrx_word' id='word_1_402' title='bbox 978 4007 1023 4058; x_wconf 78' lang='lat' dir='ltr'>un‘.</span> 
     </span>
    </p>
   </div>
   <div class='ocr_carea' id='block_1_7' title="bbox 226 4082 1366 4486">
    <p class='ocr_par' dir='ltr' id='par_1_11' title="bbox 226 4082 1366 4437">
     <span class='ocr_line' id='line_1_45' title="bbox 328 4082 1365 4158; baseline 0.018 -29"><span class='ocrx_word' id='word_1_403' title='bbox 328 4082 384 4146; x_wconf 53' lang='grc' dir='ltr'>ἢ)</span> <span class='ocrx_word' id='word_1_404' title='bbox 399 4087 478 4142; x_wconf 80' lang='lat' dir='ltr'>saepe</span> <span class='ocrx_word' id='word_1_405' title='bbox 493 4089 637 4135; x_wconf 81' lang='lat' dir='ltr'>vocabulum</span> <span class='ocrx_word' id='word_1_406' title='bbox 651 4091 738 4136; x_wconf 84' lang='lat' dir='ltr'>cettere</span> <span class='ocrx_word' id='word_1_407' title='bbox 751 4092 787 4136; x_wconf 87' lang='lat' dir='ltr'>ita</span> <span class='ocrx_word' id='word_1_408' title='bbox 801 4093 865 4147; x_wconf 81' lang='lat' dir='ltr'>apud</span> <span class='ocrx_word' id='word_1_409' title='bbox 879 4095 999 4138; x_wconf 75' lang='lat' dir='ltr'>muretum</span> <span class='ocrx_word' id='word_1_410' title='bbox 1013 4092 1110 4152; x_wconf 78' lang='lat' dir='ltr'>tegitur,</span> <span class='ocrx_word' id='word_1_411' title='bbox 1125 4107 1271 4152; x_wconf 82' lang='lat' dir='ltr'>quamquam</span> <span class='ocrx_word' id='word_1_412' title='bbox 1285 4103 1365 4158; x_wconf 79' lang='lat' dir='ltr'>nnagis</span> 
     </span>
     <span class='ocr_line' id='line_1_46' title="bbox 271 4141 1363 4204; baseline 0.016 -16"><span class='ocrx_word' id='word_1_413' title='bbox 271 4145 310 4188; x_wconf 82' lang='lat' dir='ltr'>eat</span> <span class='ocrx_word' id='word_1_414' title='bbox 324 4143 430 4188; x_wconf 84' lang='lat' dir='ltr'>comicae</span> <span class='ocrx_word' id='word_1_415' title='bbox 445 4146 469 4190; x_wconf 90' lang='lat' dir='ltr'>et</span> <span class='ocrx_word' id='word_1_416' title='bbox 483 4141 609 4200; x_wconf 73' lang='lat' dir='ltr'>famularis</span> <span class='ocrx_word' id='word_1_417' title='bbox 624 4147 747 4192; x_wconf 75' lang='lat' dir='ltr'>orationis.</span> <span class='ocrx_word' id='word_1_418' title='bbox 766 4150 881 4204; x_wconf 71' lang='lat' dir='ltr'>toreuma</span> <span class='ocrx_word' id='word_1_419' title='bbox 895 4151 982 4196; x_wconf 77' lang='lat' dir='ltr'>caucre</span> <span class='ocrx_word' id='word_1_420' title='bbox 995 4155 1093 4196; x_wconf 75' lang='lat' dir='ltr'>veteres</span> <span class='ocrx_word' id='word_1_421' title='bbox 1108 4153 1203 4200; x_wconf 71' lang='lat' dir='ltr'>matese</span> <span class='ocrx_word' id='word_1_422' title='bbox 1216 4167 1265 4201; x_wconf 84' lang='lat' dir='ltr'>nnn</span> <span class='ocrx_word' id='word_1_423' title='bbox 1275 4158 1363 4204; x_wconf 76' lang='lat' dir='ltr'>titten-</span> 
     </span>
     <span class='ocr_line' id='line_1_47' title="bbox 226 4199 1366 4268; baseline 0.015 -23"><span class='ocrx_word' id='word_1_424' title='bbox 226 4208 230 4216; x_wconf 91' lang='lat'>·</span> <span class='ocrx_word' id='word_1_425' title='bbox 272 4203 323 4252; x_wconf 77' lang='lat' dir='ltr'>tun:</span> <span class='ocrx_word' id='word_1_426' title='bbox 344 4199 549 4248; x_wconf 60' lang='lat' dir='ltr'>otumuemmm.</span> <span class='ocrx_word' id='word_1_427' title='bbox 568 4203 600 4247; x_wconf 83' lang='lat' dir='ltr'>ad</span> <span class='ocrx_word' id='word_1_428' title='bbox 619 4203 662 4250; x_wconf 84' lang='lat' dir='ltr'>uit.</span> <span class='ocrx_word' id='word_1_429' title='bbox 684 4206 833 4252; x_wconf 80' lang='lat' dir='ltr'>meermanni</span> <span class='ocrx_word' id='word_1_430' title='bbox 853 4217 908 4262; x_wconf 70' lang='lat' dir='ltr'>pag.</span> <span class='ocrx_word' id='word_1_431' title='bbox 929 4201 982 4256; x_wconf 81' lang='lat' dir='ltr'>mo.</span> <span class='ocrx_word' id='word_1_432' title='bbox 1019 4207 1098 4264; x_wconf 69' lang='lat' dir='ltr'>Megia</span> <span class='ocrx_word' id='word_1_433' title='bbox 1118 4211 1204 4258; x_wconf 77' lang='lat' dir='ltr'>Latine</span> <span class='ocrx_word' id='word_1_434' title='bbox 1224 4213 1270 4256; x_wconf 86' lang='lat' dir='ltr'>‹tici</span> <span class='ocrx_word' id='word_1_435' title='bbox 1285 4217 1366 4268; x_wconf 82' lang='lat' dir='ltr'>possit</span> 
     </span>
     <span class='ocr_line' id='line_1_48' title="bbox 271 4257 1365 4326; baseline 0.016 -27"><span class='ocrx_word' id='word_1_436' title='bbox 271 4258 354 4300; x_wconf 85' lang='lat' dir='ltr'>nostro</span> <span class='ocrx_word' id='word_1_437' title='bbox 369 4257 434 4302; x_wconf 83' lang='lat' dir='ltr'>loeo:</span> <span class='ocrx_word' id='word_1_438' title='bbox 452 4259 542 4304; x_wconf 71' lang='lat' dir='ltr'>Graece</span> <span class='ocrx_word' id='word_1_439' title='bbox 556 4261 578 4304; x_wconf 86' lang='lat' dir='ltr'>et</span> <span class='ocrx_word' id='word_1_440' title='bbox 591 4261 675 4306; x_wconf 73' lang='lat' dir='ltr'>Latiae</span> <span class='ocrx_word' id='word_1_441' title='bbox 688 4262 818 4306; x_wconf 69' lang='lat' dir='ltr'>declinatam</span> <span class='ocrx_word' id='word_1_442' title='bbox 831 4265 891 4308; x_wconf 77' lang='lat' dir='ltr'>etant.</span> <span class='ocrx_word' id='word_1_443' title='bbox 921 4266 1045 4320; x_wconf 79' lang='lat' dir='ltr'>Frequens</span> <span class='ocrx_word' id='word_1_444' title='bbox 1060 4267 1140 4312; x_wconf 87' lang='lat' dir='ltr'>tamen</span> <span class='ocrx_word' id='word_1_445' title='bbox 1151 4264 1209 4321; x_wconf 74' lang='lat' dir='ltr'>illud</span> <span class='ocrx_word' id='word_1_446' title='bbox 1221 4273 1365 4326; x_wconf 73' lang='lat' dir='ltr'>vooaoutum</span> 
     </span>
     <span class='ocr_line' id='line_1_49' title="bbox 271 4312 1365 4376; baseline 0.017 -20"><span class='ocrx_word' id='word_1_447' title='bbox 271 4312 336 4364; x_wconf 84' lang='lat' dir='ltr'>apud</span> <span class='ocrx_word' id='word_1_448' title='bbox 349 4313 496 4358; x_wconf 80' lang='lat' dir='ltr'>recentiores</span> <span class='ocrx_word' id='word_1_449' title='bbox 512 4325 602 4370; x_wconf 82' lang='lat' dir='ltr'>eosque</span> <span class='ocrx_word' id='word_1_450' title='bbox 617 4317 722 4370; x_wconf 85' lang='lat' dir='ltr'>optimae</span> <span class='ocrx_word' id='word_1_451' title='bbox 736 4321 808 4362; x_wconf 81' lang='lat' dir='ltr'>notae</span> <span class='ocrx_word' id='word_1_452' title='bbox 822 4319 960 4373; x_wconf 75' lang='lat' dir='ltr'>scriptores.</span> <span class='ocrx_word' id='word_1_453' title='bbox 993 4323 1024 4366; x_wconf 79' lang='lat' dir='ltr'>ut.</span> <span class='ocrx_word' id='word_1_454' title='bbox 1039 4321 1123 4366; x_wconf 83' lang='lat' dir='ltr'>lustin.</span> <span class='ocrx_word' id='word_1_455' title='bbox 1139 4323 1223 4370; x_wconf 83' lang='lat' dir='ltr'>Xthl.</span> <span class='ocrx_word' id='word_1_456' title='bbox 1238 4325 1261 4371; x_wconf 83' lang='lat'>4.</span> <span class='ocrx_word' id='word_1_457' title='bbox 1276 4330 1365 4376; x_wconf 81' lang='lat' dir='ltr'>callere</span> 
     </span>
     <span class='ocr_line' id='line_1_50' title="bbox 270 4369 1364 4437; baseline 0.017 -25"><span class='ocrx_word' id='word_1_458' title='bbox 270 4369 349 4412; x_wconf 76' lang='lat' dir='ltr'>studio</span> <span class='ocrx_word' id='word_1_459' title='bbox 370 4373 508 4424; x_wconf 69' lang='lat' dir='ltr'>augurandi.</span> <span class='ocrx_word' id='word_1_460' title='bbox 523 4372 585 4420; x_wconf 85' lang='lat' dir='ltr'>Ptin.</span> <span class='ocrx_word' id='word_1_461' title='bbox 601 4373 629 4416; x_wconf 88' lang='lat' dir='ltr'>H.</span> <span class='ocrx_word' id='word_1_462' title='bbox 644 4376 673 4418; x_wconf 79' lang='grc' dir='ltr'>Ν.</span> <span class='ocrx_word' id='word_1_463' title='bbox 688 4374 749 4418; x_wconf 75' lang='lat' dir='ltr'>xxi.</span> <span class='ocrx_word' id='word_1_464' title='bbox 764 4377 803 4420; x_wconf 78' lang='lat' dir='ltr'>ut.</span> <span class='ocrx_word' id='word_1_465' title='bbox 833 4377 878 4432; x_wconf 82' lang='lat' dir='ltr'>Qnt</span> <span class='ocrx_word' id='word_1_466' title='bbox 896 4377 1103 4427; x_wconf 70' lang='lat' dir='ltr'>connumeramur·</span> <span class='ocrx_word' id='word_1_467' title='bbox 1116 4381 1233 4437; x_wconf 74' lang='lat' dir='ltr'>cadeates.</span> <span class='ocrx_word' id='word_1_468' title='bbox 1268 4385 1364 4435; x_wconf 71' lang='lat' dir='ltr'>limare.</span> 
     </span>
    </p>

    <p class='ocr_par' dir='ltr' id='par_1_12' title="bbox 273 4418 1068 4486">
     <span class='ocr_line' id='line_1_51' title="bbox 273 4418 1068 4486; baseline 0.016 -17"><span class='ocrx_word' id='word_1_469' title='bbox 273 4447 300 4458; x_wconf 88' lang='lat'>—</span> <span class='ocrx_word' id='word_1_470' title='bbox 317 4418 354 4470; x_wconf 75' lang='lat' dir='ltr'>ci.</span> <span class='ocrx_word' id='word_1_471' title='bbox 370 4427 450 4472; x_wconf 86' lang='lat' dir='ltr'>tamen</span> <span class='ocrx_word' id='word_1_472' title='bbox 464 4437 527 4482; x_wconf 81' lang='lat' dir='ltr'>queo</span> <span class='ocrx_word' id='word_1_473' title='bbox 542 4427 736 4484; x_wconf 77' lang='lat' dir='ltr'>supradiximus</span> <span class='ocrx_word' id='word_1_474' title='bbox 751 4441 805 4486; x_wconf 69' lang='lat' dir='ltr'>prag.</span> <span class='ocrx_word' id='word_1_475' title='bbox 819 4434 849 4478; x_wconf 82' lang='lat' dir='ltr'>a.</span> <span class='ocrx_word' id='word_1_476' title='bbox 862 4433 918 4482; x_wconf 74' lang='lat'>320.</span> <span class='ocrx_word' id='word_1_477' title='bbox 933 4437 994 4482; x_wconf 87' lang='lat' dir='ltr'>extr.</span> <span class='ocrx_word' id='word_1_478' title='bbox 1023 4437 1068 4482; x_wconf 73' lang='lat' dir='ltr'>Fu.</span> 
     </span>
    </p>
   </div>
   <div class='ocr_carea' id='block_1_8' title="bbox 0 0 1512 5068">
    <p class='ocr_par' dir='ltr' id='par_1_13' title="bbox 0 0 1512 5068">
     <span class='ocr_line' id='line_1_52' title="bbox 0 0 1512 5068; baseline 0 0"><span class='ocrx_word' id='word_1_479' title='bbox 0 0 1512 5068; x_wconf 95' lang='lat' dir='ltr'> </span> 
     </span>
    </p>
   </div>
  </div>
 </body>
</html>
