2992 5066
274 299 319 368 26
447 333 450 342 .
531 293 692 360 MURETI
712 313 751 358 ιι
770 227 950 360 LAMlllNI
978 291 1107 361 EPIST.

275 469 397 530 dedi'sti:
390 485 506 545 ·neque
526 467 580 527 tac
599 473 709 527 tantum
719 461 841 545 seai’sti',
864 482 961 524 omum
983 467 1088 536 edam,
1112 483 1175 525 cum
1194 465 1223 524 in
1239 465 1362 544 scriptu·

275 574 339 615 ram
354 554 478 631 aliquam
494 571 513 611 ι
527 553 644 627 uulgata
661 550 867 628 discrepantem
891 567 926 607 ac
946 547 1087 609 diversam
1110 549 1298 608 incideremus
1318 558 1363 609 at-

275 657 331 718 que
346 638 375 695 i'n
390 654 424 694 ea
434 636 620 694 haereremus
626 676 639 705 ,
661 643 693 693 tu
706 651 790 730 saepe
804 651 842 690 ea
855 630 984 694 obscuris
998 643 1029 692 et
1035 633 1238 731 propemodum
1253 631 1364 691 oblitte-

275 722 350 781 ratis
368 719 472 778 ceteris
492 719 654 796 scripturae
666 717 794 792 uestigiis
807 733 903 774 ceram
920 717 1064 776 lectionem
1079 711 1153 795 (qua
1166 717 1279 792 i'rigem'a
1294 734 1364 793 qua·

276 823 330 884 que
357 801 485 862 acumine
512 801 560 883 es)
587 801 771 878 sagacissime
797 799 978 897 adoraberis.
1031 801 1186 860 Praeterea
1206 817 1269 858 cuni
1288 817 1364 858 auno

274 887 423 966 superiore
451 904 509 944 una
532 904 596 944 cum
615 885 774 943 clarissimo
794 883 857 941 aira
876 883 1028 960 Hippolyta
1048 884 1180 952 Estensi,
1216 881 1369 942 Cardiriali

218 994 223 1014 .
273 969 474 1039 Ferrari'ensi,
495 969 544 1028 Pii
559 970 614 1030 IV.
636 965 743 1046 Pontis.
763 968 886 1026 ltomani
902 967 1055 1042 legata,'
1041 985 1070 1025 iu
1095 968 1215 1026 Galliam
1234 974 1364 1024 nostram

276 1055 360 1130 lango
388 1052 538 1111 interualla
565 1051 706 1120 venisses,
738 1050 927 1127 audacesque,
959 1069 1003 1108 me
1029 1051 1158 1126 singulas
1182 1052 1213 1126 Τ.
1235 1050 1370 1108 Lucretii

278 1137 352 1196 Cari
369 1135 457 1194 libras
475 1137 597 1212 singulis
618 1135 716 1193 amicis
737 1133 863 1191 diemo
849 1152 877 1191 iii
893 1133 987 1192 anima
1001 1133 1126 1204 labere,-
1146 1117 1256 1192 uideres
1269 1142 1364 1190 autem

275 1220 348 1280 milii
360 1237 417 1296 pei·
437 1219 544 1282 ιίαιῚιίι
560 1217 720 1278 discordias
740 1226 778 1275 ιι
789 1216 969 1294 Reipublicae
985 1218 1186 1286 calamitatem,
1210 1215 1295 1274 liuim
1308 1233 1364 1294 pa-

275 1303 402 1362 litiisi'mi
427 1303 578 1379 scriptoris
608 1302 757 1360 edomanem
784 1311 932 1360 maturare
957 1319 1014 1358 uon
1037 1301 1142 1370 licem,-
1162 1318 1252 1376 neque
1270 1308 1364 1358 tamon

275 1386 435 1456 dubitares,
453 1386 538 1464 quin,
561 1385 613 1444 ubi
628 1403 646 1444 a
661 1394 706 1443 tat
720 1385 863 1460 tantisque
879 1385 962 1442 malis
979 1384 1073 1443 Gallia
1089 1383 1292 1461 conquievisset
1311 1393 1367 1442 aut

127 1517 131 1528 .
163 1533 165 1538 ,
274 1479 353 1528 certe
355 1470 553 1568 respirasset,
576 1469 608 1527 id
627 1469 724 1528 statim
739 1484 886 1545 parerem,
906 1466 1018 1546 qdod
1004 1485 1061 1526 iam
1084 1465 1133 1525 diu
1152 1467 1361 1563 parturitum:

268 1554 374 1632 pauiu
396 1561 464 1610 ante
481 1571 564 1629 quam
591 1553 729 1623 Galliam,
747 1552 877 1628 patriam
897 1561 993 1620 tuam,
1009 1559 1074 1609 tica
1095 1551 1239 1609 oomntate
1258 1550 1363 1608 iterum

272 1637 449 1714 relinqueres
483 1638 654 1713 Romamque
682 1643 843 1712 repeteres,
882 1631 998 1704 diebus,
1030 1642 1138 1693 eertum
1164 1631 1302 1732 quendam
1324 1652 1363 1692 ιι

272 1737 327 1778 mei
325 1718 477 1778 'Lucretii
496 1718 578 1778 atra
594 1718 697 1778 librum
712 1736 732 1776 a
745 1717 953 1794 meitipulatas
966 1736 1014 1776 es:
1037 1735 1093 1775 uon
1110 1716 1187 1794 quad
1199 1733 1259 1774 rem
1271 1717 1366 1814 ipsam

274 1795 352 1862 tanti
363 1800 532 1881 faciendam
548 1811 687 1880 putares,
708 1817 877 1879 quamquam
896 1810 928 1859 tu
948 1801 995 1859 sol
992 1820 1022 1858 es
1040 1809 1161 1860 nostras
1178 1818 1234 1858 nan
1254 1799 1366 1858 minim

273 1887 426 1945 aestimare
447 1903 560 1964 nugas,-
580 1886 633 1944 sed
652 1894 687 1944 ut
702 1885 756 1943 loc
774 1884 852 1961 apud
867 1885 973 1942 muricis
985 1884 1150 1964 mortaleis,
1171 1891 1200 1941 et
1216 1885 1268 1960 qui
1278 1883 1362 1942 lodie

273 1970 370 2028 uiuunt
390 1969 490 2046 etqui
503 1977 573 2047 past
591 1969 657 2028 ιιιιὶι
675 1975 762 2027 erunt
776 1968 806 2026 in
825 1969 919 2037 annu,
922 1964 957 2044 ἢ
977 1968 1120 2032 amicitiae
1132 1974 1249 2025 nostrae
1264 1985 1362 2029 monu-

274 2062 395 2112 mentum
417 2061 549 2111 imitaret
562 2051 772 2130 sempeternum.
819 2050 900 2128 (laad
914 2051 1006 2126 igitur
1017 2051 1072 2109 tibi
1083 2059 1126 2108 tat
1140 2049 1299 2109 nominibus
1312 2051 1362 2108 de·

275 2134 345 2206 lieo,
373 2135 415 2193 mi
435 2136 566 2205 Murete,
594 2153 659 2194 sera
688 2134 833 2212 quidem,
847 2135 948 2220 quippe
971 2129 1160 2211 temporibus,
1192 2134 1362 2210 quominus

274 2219 328 2278 lioc
344 2236 393 2277 aes
407 2219 529 2278 alienum
542 2219 582 2276 od
593 2219 666 2276 diem
680 2226 935 2295 repraesentarem,
954 2217 1123 2294 impediam
1143 2216 1193 2274 sed
1208 2216 1362 2294 aliquando

274 2311 385 2372 tamen,
407 2301 481 2360 bona
494 2300 559 2380 fide
578 2303 752 2378 libenterque
770 2301 913 2378 persolvo.
959 2301 1025 2360 mm
1036 2309 1129 2358 autem
1143 2300 1198 2358 liae
1211 2319 1362 2358 munuscu-

273 2386 330 2444 lum
353 2403 442 2444 meom
461 2404 493 2443 eo
508 2387 625 2462 gratim
635 2383 708 2463 fare
729 2383 857 2460 confido,
886 2384 963 2480 quad
980 2402 1042 2441 cum
1058 2383 1119 2442 tibi
1136 2401 1154 2441 a
1174 2401 1217 2441 me
1231 2393 1362 2471 potestus

273 2469 405 2546 aptioque
419 2468 546 2544 eligendi
551 2448 641 2548 sacta
651 2465 773 2547 fuisset,
792 2466 897 2524 dunc
883 2484 973 2544 ipsum
990 2467 1093 2525 librum
1107 2466 1227 2544 elegisti.
1252 2461 1363 2544 Neque

272 2569 348 2610 cera
367 2551 454 2610 ti'lii'
441 2569 470 2608 iri
490 2550 620 2626 eligendo
642 2549 776 2607 i'udi'oium
794 2547 896 2629 defuit.
953 2551 1051 2610 Totam
1072 2551 1145 2608 cni'rii
1163 2551 1210 2608 lio
1228 2549 1301 2608 liber
1320 2550 1360 2608 si-

273 2635 465 2692 mulacrorum
492 2651 543 2691 seu
562 2633 718 2710 imaginum
742 2633 968 2710 Epicureorum,
996 2633 1098 2710 quibus
1127 2635 1175 2693 ilbi
1202 2633 1242 2692 ad
1265 2634 1362 2692 oculas

272 2709 388 2776 nastros
405 2715 599 2796 affluentibus,
624 2717 712 2774 oi'sum
734 2716 848 2786 lacessi,
872 2716 912 2774 ad
929 2717 1051 2774 animum
1071 2726 1165 2776 autem
1184 2717 1362 2775 accurrenti·

274 2800 326 2860 bus
352 2818 468 2877 eumque
485 2798 672 2879 sarientibus,
697 2799 847 2876 cogitandi
863 2801 918 2857 vt'rit
939 2810 970 2859 et
983 2794 1177 2880 diarcqiiiidq
1190 2798 1362 2882 φαντασίας

273 2885 402 2942 incitari
410 2883 546 2961 putabat,
565 2884 781 2961 euplicationem
797 2883 1009 2960 complectitur:
1031 2886 1104 2943 idem
1121 2886 1297 2962 specularum
1310 2903 1360 2944 ra
1395 2909 1399 2923 ¹

139 2975 142 2982 ’
229 3032 232 3038 ,
273 2968 394 3037 manem,
421 2984 482 3025 rem
500 2967 650 3026 cametntis
665 2968 781 3044 plenam
807 2977 839 3024 ιι
857 2969 1017 3044 cognatione
1043 2969 1255 3046 dignissimam
1286 2969 1360 3027 idem

273 3052 442 3109 acerrimam
463 3069 594 3109 sensuum
615 3049 804 3129 defensionem
823 3051 960 3109 adoerius
979 3071 1067 3110 navas
1084 3044 1283 3122 Academicos,
1310 3053 1363 3129 qui

272 3151 372 3192 sensiis
386 3152 447 3191 csso
461 3135 586 3192 macrias
600 3153 635 3192 uc
642 3131 797 3214 sallaaeis,
821 3142 852 3193 ιι
864 3134 1023 3197 mititiam
1030 3155 1116 3213 passe
1135 3135 1358 3194 contendebant.-

272 3216 347 3276 idcm
362 3217 554 3294 plenissimam
578 3228 664 3295 atque
684 3217 857 3276 uberrimam
876 3217 911 3275 de
929 3220 1052 3296 quinque
1065 3219 1210 3288 sonitui,
1232 3218 1268 3277 de
1282 3219 1360 3295 cogi-

275 3300 359 3358 tandi
377 3300 505 3370 ratione,
529 3302 564 3359 de
585 3303 733 3378 ingressu,
756 3301 791 3358 de
802 3300 887 3381 same
904 3311 934 3360 et
953 3303 1020 3372 siti,
1041 3303 1127 3382 etde
1147 3320 1246 3360 eorum
1262 3321 1359 3360 rerum

234 3420 236 3426 ι
274 3385 387 3455 causis,
409 3383 444 3442 de
465 3403 561 3443 sainna
580 3395 611 3444 ιι
629 3386 760 3464 smnriiis,
784 3385 819 3442 de
833 3384 948 3443 li'bidi'rie
963 3396 1118 3456 etamore,
1140 3387 1283 3462 multaque
1298 3387 1357 3444 alia

273 3467 424 3525 utilissima
445 3485 480 3525 uc
500 3469 700 3527 iucundissima
723 3470 857 3527 ιιαιίαιι.
902 3471 984 3528 Ηιιι
998 3470 1090 3546 igitur
1104 3468 1206 3528 librum
1222 3469 1277 3528 tibi
1286 3488 1357 3548 pro-
1489 3521 1490 3524 ,

273 3551 388 3609 missum
408 3559 437 3609 et
459 3551 600 3623 debitum,
630 3571 665 3610 ac
687 3571 780 3630 paene
802 3552 894 3612 dicam
917 3561 1014 3622 tuum,
1043 3552 1098 3612 tibi
1114 3571 1170 3610 uon
1189 3552 1280 3623 dano,
1307 3553 1360 3612 sed
1390 3563 1395 3567 '
1489 3561 1490 3566 ’

273 3634 378 3708 optima
390 3633 457 3710 pide
476 3634 576 3694 reddo.
621 3637 702 3695 Vale.
729 3637 876 3705 Lutetiae,
899 3654 973 3696 anno
986 3655 1004 3695 a
1016 3637 1108 3696 salute
1119 3637 1224 3714 generi
1235 3637 1358 3696 humana

272 3715 343 3780 data
357 3717 523 3778 Maiam.
540 3718 639 3797 pridie
657 3720 726 3779 Idus
746 3719 885 3800 Septemb.

329 3911 362 3970 ti)
378 3911 657 3975 cataniensium.
685 3921 730 3966 Fa.

605 4181 1021 4202 w...-
